2925 4192
497 979 532 1043 P.
554 977 704 1045 PAPINI
727 980 868 1047 STATII

421 1094 938 1208 sinulaun

575 1298 705 1365 LIBER
727 1300 781 1365 Ill.

625 1446 731 1453 ...α-

390 1545 539 1601 STATIUS
557 1546 687 1602 POLLIO
707 1545 775 1601 SUO
795 1546 972 1603 SALUTEM.

81 1753 82 1762 ἵ
236 1671 314 1737 Tibi
337 1675 436 1759 corte,
462 1673 546 1737 Polli
570 1674 753 1739 dulcissime
777 1679 811 1740 ct
837 1675 898 1739 hac
921 1674 972 1739 cui
996 1679 1062 1739 tam
1085 1676 1187 1739 fideli·
1224 1692 1240 1741 5

81 1825 82 1838 ,
171 1766 220 1826 ter
237 1761 386 1826 inhaeres
406 1762 513 1845 quiete
537 1761 733 1848 dignissime,
756 1785 821 1827 non
843 1763 948 1827 habeo
973 1763 1027 1827 diu
1050 1764 1187 1849 proban·

171 1850 243 1915 dam
267 1850 453 1915 libellorum
475 1850 612 1915 istorum
630 1852 855 1935 temeritatem,
875 1867 948 1915 cum
966 1852 1048 1916 scias
1066 1853 1187 1917 multos

81 1979 82 1988 .
172 1962 210 2004 ex
238 1939 306 2004 illis
337 1938 373 2003 in
404 1938 478 2003 sinu
505 1943 562 2003 tuo
591 1940 700 2005 subito
724 1944 818 2005 natos
846 1944 879 2004 et
906 1938 989 2003 hanc
1022 1941 1187 2005 audaciam

81 2019 82 2114 l
172 2028 239 2093 stili
256 2028 362 2093 nostri
385 2028 571 2111 frequenter
594 2028 775 2112 expaveris,
799 2028 948 2113 quotiens
970 2028 1010 2092 in
1031 2028 1119 2093 illius
1143 2031 1187 2093 fa-

81 2123 82 2132 ’
171 2117 305 2181 cundiae
327 2121 403 2181 tuae
426 2117 586 2202 penetrali
608 2118 758 2182 seductus
781 2117 877 2182 altius
899 2117 1026 2182 litteras
1049 2118 1240 2183 introet10

81 2223 82 2232 ¹
170 2205 204 2269 in
232 2205 337 2271 omnis
360 2228 379 2270 a
402 2210 435 2271 te
458 2206 639 2271 studiorum
662 2206 751 2271 sinus
775 2207 880 2271 ducor.
924 2216 1054 2271 securus
1078 2206 1187 2292 itaque

81 2329 82 2354 1
170 2295 288 2359 tertius
314 2294 368 2359 hic
395 2295 548 2361 silvarum
573 2300 758 2361 nostrarum
788 2295 873 2360 liber
904 2297 944 2361 ad
971 2300 1004 2360 te
1036 2296 1187 2360 mittitur.

81 2421 82 2424 =
171 2383 329 2448 habuerat
348 2384 477 2467 quidem
497 2389 529 2449 et
548 2386 705 2450 secundus
723 2384 799 2469 <te>
811 2388 937 2469 testem,
952 2385 1008 2449 sed
1021 2385 1074 2450 hic
1087 2384 1189 2451 habet

171 2477 344 2537 auctorem.
378 2496 453 2538 nam
476 2474 617 2558 primum
635 2474 736 2538 limen
759 2474 829 2539 eius
851 2472 1006 2540 Hercules
1029 2474 1188 2539 Surrenti-

169 2583 231 2625 nus
250 2562 369 2645 aperit,
393 2584 489 2647 quem
507 2562 542 2625 in
563 2563 659 2628 litore
682 2568 740 2627 tuo
764 2567 992 2648 consecratum,
1016 2564 1126 2627 statim
1149 2568 1186 2627 ut
1206 2580 1238 2627 15

81 2688 82 2693 .
169 2650 321 2732 videram,
343 2649 395 2718 his
424 2650 572 2715 versibus
601 2652 738 2716 adoravi.
785 2652 932 2735 sequitur
952 2651 1096 2735 libellus,
1120 2674 1184 2735 quo
1356 2653 1358 2656 ’

81 2765 82 2806 t
170 2737 465 2821 splendidissimum
484 2743 516 2802 et
535 2739 615 2803 mihi
638 2739 904 2805 iucundissimum
922 2740 1083 2824 iuvenem,
1101 2740 1185 2803 Mae-

81 2849 82 2902 3
170 2827 257 2890 cium
280 2825 436 2912 Celerem,
467 2849 486 2889 a
518 2828 732 2892 sacratissimo
761 2827 956 2911 imperatore
983 2828 1117 2891 missum
1145 2828 1185 2891 ad

169 2914 333 3001 legionem
352 2912 528 2999 Syriacam,
551 2916 627 3004 quia
649 2916 741 3000 sequi
764 2937 830 2981 non
857 2919 1018 3001 poteram,
1042 2914 1088 2979 sic
1107 2938 1184 2999 ¹pro-

81 3027 82 3036 .
170 3007 301 3068 secutus
324 3026 404 3068 sum.
442 3005 628 3069 merebatur
650 3008 683 3069 et
706 3004 819 3068 Claudi
841 3003 971 3069 Etrusci
993 3003 1057 3068 mei
1080 3004 1186 3089 pietas
1204 3022 1239 3070 ao

171 3092 303 3177 aliquod
322 3115 361 3156 ex
385 3093 501 3157 studiis
523 3093 642 3158 nostris
666 3094 829 3178 solacium,
852 3116 924 3157 cum
950 3092 1078 3180 lugeret
1100 3094 1185 3158 veris

169 3209 383 3218 m...-

246 3267 496 3324 chc0122hsec
548 3269 604 3323 fide
622 3267 688 3323 liter
706 3270 787 3339 (coni.
806 3268 857 3338 11²)
916 3268 1140 3325 ttameritatem
1158 3287 1185 3322 n

81 3335 83 3414 i
170 3339 203 3391 in
219 3357 285 3411 mu:
304 3343 490 3395 temerantem
557 3339 683 3397 einins:
702 3339 752 3395 illo
772 3340 916 3397 Krctaius
980 3346 1012 3394 10
1030 3339 1182 3411 penetrali:

81 3425 82 3472 ξ
170 3410 328 3477 penetralis
359 3414 392 3468 ed
428 3413 598 3468 Pannoniis:
630 3413 776 3483 penetrale
808 3413 967 3468 Potiticacs
1076 3412 1113 3465 13·
1128 3428 1187 3479 que

81 3475 82 3550 l
172 3479 297 3545 atinent*
315 3482 347 3537 in
363 3481 390 3536 h‘
409 3482 472 3538 lib⁰.
491 3482 533 3536 1²
549 3486 582 3539 iss
598 3502 650 3555 my.
704 3486 735 3539 te
752 3485 854 3539 testem
873 3485 1025 3540 Baehrens:
1043 3484 1147 3537 testem

172 3554 205 3603 17
231 3553 488 3623 splendidissimum
515 3554 567 3609 1²:
600 3554 829 3625 splendissimum
928 3553 1182 3613 iucundissimum

171 3619 208 3688 (io
235 3640 320 3693 supra
341 3627 449 3695 primos
477 3627 582 3682 litteras
608 3629 719 3697 scripsit
746 3628 796 3697 Μ’)
878 3633 918 3682 17.
939 3632 972 3681 18
991 3624 1112 3681 meciom

171 3696 203 3743 21
223 3692 291 3763 lugu
318 3698 379 3765 (del.
397 3697 447 3765 1¹)
474 3696 584 3767 lugeret
