2925 4192
557 335 744 389 suvaaun
761 335 791 388 a.
806 335 838 402 n,
854 341 878 389 a.

210 481 294 547 vidit
318 483 350 544 et
373 480 408 545 in
430 481 562 565 fontem,
584 480 696 545 niveos
718 502 759 544 ne
783 480 938 563 panderet
961 484 1058 563 artus,

211 570 258 635 sie
281 572 352 635 tota
375 591 449 635 oum
471 572 561 634 veste
583 569 648 633 ruit
634 568 869 655 tetagnisque
892 569 953 633 sub
977 568 1051 633 altis

212 659 302 724 Pana
325 658 417 743 sequi
441 658 603 723 eredens
594 680 659 722 nna
680 658 766 721 latus
789 657 934 741 implicat
957 657 1037 744 alga

212 747 292 833 quid
314 747 435 812 faeeret
458 746 567 812 subito
591 747 744 830 deeeptus
767 746 908 830 praedo?
940 768 998 811 nee
1022 745 1077 809 alt'
1054 749 1096 809 trs
1191 762 1224 808 35

213 837 341 903 eredere
365 857 483 920 eorpus
505 835 597 920 aquis
620 834 723 899 hirtae
747 835 811 900 sibi
834 833 979 900 eonseius
1003 834 1099 898 audet

213 925 309 1026 pellis
333 929 366 989 et
389 948 408 988 a
430 928 542 989 tenero
564 923 663 988 nandi
685 923 787 989 rudis!
821 923 927 988 omnia
951 927 1092 1008 questus,

214 1014 373 1079 immitem
394 1012 570 1099 Bromium,
594 1017 710 1099 stagna
731 1012 895 1077 invidat
863 1016 895 1077 ot
918 1012 1026 1076 invida
1049 1011 1122 1095 tela,

213 1103 408 1188 primaevam
431 1102 503 1167 visu
526 1102 704 1186 platanum,
728 1101 780 1166 oui
803 1102 903 1187 longa
926 1122 1073 1187 propago

215 1192 466 1275 innumeraeque
489 1213 604 1256 manus
627 1194 660 1255 et
682 1191 787 1255 iturus
811 1190 845 1254 in
868 1189 997 1255 aethera
1019 1192 1139 1273 vertex,
1192 1206 1226 1253 40

215 1280 367 1365 deposuit
389 1280 481 1346 iuxta
503 1280 672 1364 vivamque
696 1279 837 1365 adgessit
858 1279 1011 1343 harenam

216 1369 403 1453 optatisque
426 1368 569 1456 aspergit
592 1368 684 1453 aquis
708 1372 741 1432 et
763 1367 842 1433 talia
865 1367 1008 1432 mandat:

217 1458 300 1523 ‘vive
323 1457 378 1522 diu
401 1457 505 1523 nostri
527 1457 647 1543 pignus
669 1456 879 1522 memorabile
901 1456 978 1541 voti,

216 1547 323 1632 arbor,
347 1550 380 1611 et
402 1548 481 1612 haee
504 1546 602 1612 durae
619 1547 788 1623 ¹latebrosa
810 1545 929 1610 cubilia
950 1545 1111 1629 nymphae

218 1642 256 1701 ιιι
279 1636 395 1700 saltem
418 1634 551 1700 deelinis
574 1657 654 1719 ama,
677 1657 788 1719 preme
810 1633 981 1699 frondibus
1004 1633 1130 1698 undam
1195 1650 1229 1697 45

218 1725 276 1788 illa
299 1724 428 1808 quidem
451 1723 578 1807 meruit,
601 1723 729 1811 sedne,
753 1723 972 1809 preoor,igne
996 1743 1133 1806 superno

219 1817 344 1878 aestuet
368 1816 423 1876 aut
446 1812 525 1877 dura
547 1812 682 1876 feriatur
699 1811 869 1897 grandine3
890 1815 1018 1876 tantum

75 1911 76 1914 ’
207 1920 257 1986 ‘sp
236 1923 372 1988 pergere
394 1905 432 1965 ιιι
454 1900 511 1965 lat
487 1906 583 1965 troem
607 1904 639 1964 et
661 1899 749 1964 foliis
771 1900 904 1964 turbare
926 1902 1096 1965 memento.

218 1995 297 2056 tune
315 2012 376 2076 ego
396 1993 492 2074 teque
511 1988 565 2054 diu
583 1988 723 2053 reeolem
743 1987 968 2071 dominamque
987 1987 1147 2073 benignae

219 2079 305 2145 sedis
328 2084 361 2144 et
383 2078 504 2143 inlaesa
527 2078 661 2142 tutabor
682 2081 852 2160 utramque
876 2081 1012 2162 senecta
1198 2090 1231 2138 50

220 2173 257 2233 ut
279 2168 375 2254 Iovis,
399 2173 436 2232 ut
458 2166 583 2232 Phoebi
606 2166 745 2251 frondes,
768 2170 806 2229 ut
829 2165 967 2229 discolor
989 2165 1105 2229 umbra

221 2258 364 2359 populus
387 2261 420 2321 et
441 2261 571 2321 nostrae
594 2257 783 2356 stupeantt
784 2276 825 2318 ua
848 2253 993 2341 germina
1015 2253 1133 2337 pinus'

221 2346 268 2411 sie
291 2345 345 2410 ait
323 2345 448 2410 tilla
471 2345 598 2410 deit
544 2349 598 2409 vat
600 2366 669 2410 eres
692 2342 833 2408 animata
798 2343 976 2408 tealores

221 2434 380 2499 uberibus
404 2434 528 2522 stagnis
552 2433 685 2518 obliquo
708 2433 849 2517 pendula
873 2436 986 2496 ιιιιιιιο

221 2523 354 2588 incubat
377 2527 474 2606 atque
498 2523 622 2588 umbris
645 2526 807 2587 serutatur
831 2524 939 2586 amant
925 2520 1015 2585 tibus
1038 2520 1148 2584 undas.
1200 2535 1233 2582 55

222 2616 331 2695 sperat
355 2614 388 2674 et
410 2611 588 2696 amplexus,
611 2611 666 2676 sed
688 2632 844 2694 aquarum
867 2609 1001 2694 spiritus
1024 2611 1111 2673 areet

222 2722 281 2764 nee
304 2700 429 2783 patitur
451 2703 565 2764 taetus.
610 2699 741 2764 tandem
763 2699 904 2762 eluotsta
926 2698 987 2762 sub
1011 2719 1104 2761 auras

222 2788 363 2852 libratur
385 2787 484 2852 fundo
508 2809 682 2871 rursusque
705 2787 805 2851 enode
828 2808 979 2851 cacumen

223 2873 393 2962 ingeniosa
415 2875 509 2958 levat,
532 2875 635 2940 veluti
658 2875 829 2940 descendat
852 2875 886 2939 in
908 2875 991 2939 imos

224 2964 328 3048 stirpe
350 2964 440 3029 laous
462 2963 533 3028 alia.
579 2963 644 3029 iam
666 2986 726 3029 nee
748 2964 912 3028 Phoebeia
934 2962 1014 3029 Nais
1202 2980 1236 3027 oo

225 3053 294 3119 odit
317 3056 349 3117 et
373 3051 520 3118 exclusos
542 3051 659 3116 invitat
681 3052 812 3139 gurgite
835 3073 950 3116 ramos.

291 3142 370 3206 haee
394 3141 458 3206 tibi
480 3164 580 3225 parva
604 3140 733 3224 quidem
756 3140 890 3227 genitali
913 3140 984 3205 luee
1007 3162 1160 3225 paramus

227 3232 320 3316 dona,
343 3231 399 3295 sed
422 3230 549 3317 ingenti
572 3230 682 3295 forsan
705 3230 830 3294 viatura
853 3229 913 3294 sub
937 3251 1023 3294 aere.

298 3476 359 3532 34
350 3493 458 3536 umas:
477 3493 534 3531 una
606 3480 639 3559 38
657 3474 809 3530 bromium:
829 3474 922 3557 Brimo
941 3474 1076 3546 desuper.
1096 3472 1239 3529 Bromism

226 3549 453 3604 hmdoroemiua
534 3552 567 3601 39
586 3545 650 3600 nisu
659 3547 854 3629 Peyraredue.
872 3545 935 3601 visu
1020 3550 1054 3599 47
1074 3545 1157 3600 dura.
1176 3544 1238 3597 dire

227 3619 362 3675 &Mada
446 3618 637 3673 tassimata
657 3616 771 3671 imitata
790 3618 976 3673 Μαιιιαιιὰιιι
1067 3621 1100 3670 bb
1119 3614 1237 3670 umbris.

226 3689 360 3744 lumeris
378 3690 538 3761 waiam.
629 3687 823 3743 691m0a1¹2
845 3704 915 3742 unos

280 3788 477 3829 Snrnruvurs.
1063 3781 1079 3827 4
