2925 4192
251 369 388 424 LXXXIV
653 366 857 422 PRAEFATIO

251 514 379 596 'Anxyr'
407 521 554 580 exstitisse
577 519 663 577 docet
689 518 803 577 Probus
836 510 878 598 (p.
895 520 945 593 17,
960 519 1003 576 30
1016 509 1076 599 K).
1113 517 1149 578 cf.
1168 519 1260 576 etiam

253 609 333 669 Serv.
347 609 421 668 Aen.
438 608 499 666 VH
517 600 595 667 ¹799:
616 601 705 682 fpuer
722 607 858 684 Iuppiter
876 608 929 682 qui
944 606 1084 682 Anxyrus
1107 605 1261 665 dicebatur

253 700 339 775 quasi
357 694 428 757 ἄνευ
447 696 586 776 ξυρᾶςὶᾶ
604 697 730 755 estsine
753 695 907 755 novacula.
937 697 1009 770 quia
1030 695 1155 754 barbam
1175 713 1260 753 nnm-
1345 752 1347 755 .

253 807 342 864 quam
364 788 500 846 rasisset.
516 830 523 844 .
538 787 599 844 ‚est
621 788 721 844 autem
744 784 810 843 fons
836 786 869 843 in
893 783 1057 860 Campania
1083 785 1167 843 iuxta
1189 784 1260 842 Ter-⁴

252 876 394 952 racinam,
417 892 493 951 quae
516 873 677 950 aliquando
699 874 805 949 Anxyr
827 876 872 932 est
894 867 995 932 dicta'

318 982 383 1056 14,
402 983 443 1040 88
468 974 589 1040 ‘lacera'
611 979 702 1058 vulgo
724 981 845 1058 legitur,
866 998 921 1056 pro
944 997 1003 1054 quo
1025 980 1181 1039 lectionem
1200 982 1261 1038 tra·

254 1072 347 1130 ditum
371 1064 475 1128 ‘laeta'
493 1071 639 1145 revocavi,
664 1079 740 1144 q'uae
762 1071 820 1128 toti
842 1068 908 1128 loco
929 1068 1024 1127 multo
1047 1069 1121 1126 mihi
1144 1069 1262 1128 videtur

254 1160 353 1236 aptior
375 1177 437 1220 esse
461 1177 551 1234 quam
573 1157 649 1216 illud
670 1159 812 1217 miserum
834 1151 964 1216 ‘lacera’.

256 1268 258 1274 ’
320 1266 336 1324 I
352 1267 380 1342 5,
395 1267 436 1325 39
456 1283 551 1341 nuper
568 1256 868 1345 negatKarstenus1)
882 1266 914 1322 et
930 1263 1065 1324 hocloco
1079 1263 1138 1322 eti
1154 1267 1182 1339 2,
1198 1266 1261 1324 148

253 1374 384 1415 marmor
402 1355 526 1431 Tyrium
545 1353 757 1428 Sidoniumque
774 1352 1007 1430 intellegendum
1025 1371 1087 1412 esse
1107 1370 1142 1411 ac
1158 1371 1262 1411 revera

255 1444 328 1503 satis
352 1447 398 1502 est
419 1445 528 1502 mirum
550 1443 606 1501 boc
629 1460 721 1520 genus
744 1443 797 1500 uni
816 1441 913 1501 Statio
935 1435 1027 1500 fuisse
1044 1444 1149 1501 notum
1166 1460 1261 1517 neque

256 1533 415 1607 quicquam
446 1549 574 1606 usquam
606 1531 668 1589 eius
701 1534 816 1589 exstare
847 1532 966 1605 praeter
997 1531 1051 1589 hos
1079 1530 1161 1589 duos
1181 1531 1261 1589 locos
1357 1559 1388 1572 «Δ

255 1620 423 1696 vestigium.
469 1638 536 1678 cum
568 1621 668 1678 autem
701 1621 803 1695 aperto
833 1618 939 1676 mendo
970 1618 1086 1683 laboret
1115 1620 1196 1679 locus
1220 1651 1262 1660 -

257 1702 404 1783 ‘Quoque'
436 1709 515 1766 enim
545 1707 625 1766 baud
656 1706 744 1766 dubie
776 1710 948 1783 corruptum
975 1709 1021 1766 est
1042 1739 1086 1749 —
1108 1709 1263 1786 vulgatam

254 1789 388 1874 priorum
407 1796 570 1855 editionum
588 1796 746 1855 lectionem
764 1790 920 1872 ‘quasque'
937 1797 1090 1856 revocavit
1108 1798 1264 1872 locumque

256 1887 299 1946 sic
327 1886 555 1962 interpretatur:
586 1879 628 1943 ‘et
657 1879 797 1964 (nitent)
824 1903 913 1960 rupes
942 1885 1059 1961 niveae,
1083 1904 1156 1961 quas
1184 1888 1265 1944 secat

256 1992 389 2051 purpura
412 1974 485 2051 Tyri
514 1975 545 2032 et
574 1968 716 2034 Sidonia'.
762 1975 850 2034 notus
880 1977 925 2032 est
951 1974 1042 2048 Plini
1059 1975 1142 2034 locus
1170 1966 1212 2056 (n.
1235 1975 1265 2054 h,

256 2063 366 2123 XXXV
386 2055 434 2145 3):
464 2058 602 2122 ‘Neronis
633 2051 828 2143 (principatu
845 2063 999 2122 inventum
1029 2055 1102 2144 est).
1118 2064 1265 2123 maculas

258 2170 333 2228 quac
356 2153 536 2212 non'essent
557 2151 714 2210 inornatis
737 2150 891 2210 inserendo
914 2151 1061 2210 unitatem
1082 2151 1207 2226 variare,
1230 2155 1265 2210 ut

258 2242 363 2300 ovatus
387 2244 464 2299 esset
480 2239 664 2313 Numidicus,
685 2241 721 2297 ut
742 2258 875 2315 purpura
897 2239 1131 2318 distingueretm
1148 2240 1263 2316 Synna-

258 2329 349 2403 dicus,
369 2328 498 2404 qualiter
514 2328 583 2387 illos
601 2327 856 2403 nasoioptassent
873 2323 1018 2386 deliciae?
1044 2331 1110 2388 tota
1129 2329 1265 2405 quaestio

257 2417 367 2494 pandet
389 2435 424 2474 ex
445 2415 691 2492 interpretatione
713 2416 795 2476 vocis
819 2410 931 2478 ‘secat'.
954 2436 1050 2492 ¹quae
1069 2417 1094 2476 si
1112 2418 1151 2476 ad
1168 2418 1265 2493 pictas

257 2508 377 2564 tantum
399 2505 492 2564 lineas
512 2507 644 2580 spectare
662 2506 771 2580 potest,
788 2507 901 2564 tractas
918 2524 972 2583 per
991 2506 1130 2565 candidos
1149 2506 1265 2582 abacos,-
1378 2524 1385 2533 ’

258 2595 331 2654 bene
351 2596 410 2654 est
456 2593 521 2667 12,
538 2595 602 2659 Ι148
633 2611 764 2651 marmor
793 2594 917 2670 Tyrium
945 2613 1005 2653 non
1033 2584 1266 2672 intellegendum

259 2701 321 2743 esse
340 2681 475 2743 concedo.
511 2701 581 2740 nam
603 2681 717 2757 lapides
738 2681 844 2758 quibus
862 2702 995 2760 purpura
1012 2683 1159 2742 Laconica
1177 2702 1265 2760 saepe

259 2772 380 2848 invidet,
403 2791 463 2831 non
484 2772 610 2846 possunt
632 2789 695 2830 esse
717 2771 764 2829 ilii
786 2771 935 2848 Laconici,
957 2772 1009 2847 qui
1030 2772 1134 2847 viridis
1157 2772 1265 2831 coloris

260 2864 330 2920 sunt
351 2860 496 2936 hodieque
519 2860 645 2921 audiunt
668 2854 767 2918 ‘verde
790 2856 910 2920 antico'.
957 2861 1147 2937 quamobrem
1174 2880 1212 2920 ne
1234 2862 1266 2919 in

260 2949 356 3009 altera
379 2944 497 3025 quidem
515 2948 662 3008 enuntiati
680 2950 842 3024 particula:
865 2943 949 3009 ‘saxa
966 2944 1105 3028 (nitent)
1124 2950 1265 3026 quibus..

260 3037 344 3113 Tyrii
366 3037 535 3096 moderator
551 3037 625 3109 livet
644 3032 727 3096 aeni'
751 3037 786 3096 de
803 3057 950 3097 marmore
968 3039 1099 3116 cogitare
1119 3058 1192 3115 opus
1212 3042 1265 3098 est.

260 3125 350 3184 immo
379 3125 490 3185 tinctor
518 3125 639 3185 muricis
670 3126 751 3186 dolet
780 3145 943 3202 purpuram
967 3147 1056 3203 quam
1083 3129 1185 3203 coquit
1206 3142 1267 3190 non

260 3217 323 3274 tam
340 3213 411 3273 boni
428 3212 535 3273 coloris
555 3232 627 3290 esse,
646 3234 737 3290 quam
753 3215 830 3290 lapis
850 3215 970 3290 quidam
988 3235 1163 3292 purpureus,
1184 3217 1267 3277 cuius

260 3302 287 3369 ei
310 3302 397 3362 modo
420 3302 452 3361 in
472 3306 603 3388 mentem
624 3297 714 3362 venit.
866 3366 868 3372 Α
1033 3380 1035 3386 ᾗ
1252 3358 1265 3381 Ι,

266 3465 267 3468 ,
327 3409 450 3485 16,13
474 3409 591 3485 ldyme,
615 3409 694 3485 quod
722 3409 820 3485 prima
849 3411 882 3468 in
910 3410 1079 3470 Matritensi
1100 3430 1192 3471 manu
1219 3431 1267 3469 ex·

261 3501 379 3556 aratum
400 3516 486 3556 —a
513 3497 727 3557 correctoribus
755 3492 921 3558 ‘bidumos'
948 3500 1061 3558 factum
1088 3502 1134 3560 est
1155 3532 1200 3542 -
1221 3519 1268 3558 rc·

333 3719 359 3790 1)
376 3719 428 3774 1.1.
446 3738 473 3790 p.
489 3725 540 3774 aar
560 3722 589 3774 ee
606 3689 669 3774 aaa
