2925 4192
247 349 366 408 XXXIV
649 349 855 408 PRAEFATIO

250 501 358 580 quibus
384 500 576 580 neglegentia
606 501 753 578 qusedom
779 500 895 564 librsiii
927 501 1019 564 etism
1045 501 1141 580 mugio
1171 521 1265 581 oppe-

248 593 324 667 reet
347 589 492 652 veebum
514 589 594 652 enim
624 609 699 668 quse
723 591 852 653 similem
874 609 993 652 mosum
1015 589 1188 652 exhiberent
1208 590 1264 650 ille

251 679 424 755 substituit,
451 679 535 740 uelut
556 678 572 737 Ι
591 681 622 755 2,
641 679 682 740 52
706 673 771 740 ‘uis
791 674 900 740 lectee'
924 679 1012 742 scribi
1030 679 1150 755 mslmt,
1170 698 1264 756 quum

250 763 354 847 ‘plage
371 762 489 829 lectes'.
520 768 593 828 item
611 767 654 828 IV
675 771 703 844 1,
719 771 759 828 11
780 769 817 829 de
835 787 890 829 suo
907 768 1001 830 edidit
1019 763 1135 830 ‘sencte
1152 787 1264 846 perone

248 852 364 918 mundi'
377 876 431 936 pro
446 851 567 935 ‘magne
578 876 686 933 putens
704 853 820 918 mundi'
835 849 954 940 (nempe
968 858 1175 918 Domitianum
1188 857 1265 920 dicit

249 937 354 1028 poete)
367 963 422 1008 nec
434 964 496 1006 non
508 945 553 1006 IV
564 947 594 1022 2,
603 948 643 1008 61
660 941 778 1006 ‘terem'
791 965 845 1022 pro
860 946 944 1022 Isuo,
965 945 1009 1006 1v
1020 948 1050 1023 3,
1060 947 1103 1008 60
1120 941 1263 1008 ‘montes’

248 1054 303 1113 pro
326 1034 507 1109 nemoribus,
526 1034 555 1091 V
569 1037 598 1111 2,
615 1037 677 1098 109
701 1029 811 1097 ‘senes'
831 1054 889 1112 pro
909 1035 1047 1111 petibus
1064 1035 1183 1113 ubsque
1201 1036 1261 1098 hoc

249 1141 350 1204 genus.
387 1124 439 1184 sed
461 1124 617 1184 mittamus
633 1125 708 1184 istos
725 1125 857 1205 ineptius
873 1125 1006 1186 miseruli
1023 1124 1155 1184 librsiii:
1172 1144 1262 1187 nemo

250 1214 357 1290 opinor
375 1212 489 1272 codices
507 1206 529 1272 S
548 1215 580 1274 et
596 1207 623 1280 U
641 1213 791 1274 entissime
808 1213 964 1274 cobserere
982 1213 1114 1292 negnbit.
1147 1234 1183 1274 ex
1200 1233 1262 1276 uuo

250 1302 412 1380 eodemque
438 1302 538 1364 codice
569 1293 622 1383 (σ)
655 1320 705 1362 eos
737 1303 933 1378 trsnscrsptos
960 1320 1023 1364 esse
1050 1302 1263 1364 contenderim.

249 1391 311 1452 ism
329 1410 379 1452 eos
397 1391 436 1450 sd
454 1409 639 1452 communem
656 1391 840 1466 reliquorum
857 1391 980 1468 iontem
998 1390 1039 1452 sd
1053 1391 1264 1454 Meti-itemem

249 1479 398 1555 nimirum,
421 1479 517 1540 redire
540 1477 802 1540 demonstsendum
825 1483 878 1540 eet.
914 1481 960 1539 nil
976 1482 1082 1542 contis
1099 1481 1178 1542 hsnc
1195 1499 1263 1542 sen·

249 1569 377 1630 nntium
393 1569 490 1630 fucere
508 1568 540 1628 in
558 1569 719 1644 propatulo
738 1572 800 1644 est3
821 1570 914 1629 immo
932 1569 1095 1630 certissime
1113 1571 1264 1630 evincitur
1383 1604 1384 1610 κ

251 1677 318 1718 esm
339 1651 1263 1734 1111111111111111111161111161111111611111118116

250 1767 286 1808 ex
308 1745 495 1806 Metiitensis
517 1746 627 1806 litteris
649 1747 729 1806 mele
751 1746 915 1808 intellectis
940 1746 1134 1824 explicentur.
1179 1747 1265 1810 cuius

248 1836 293 1895 rei
315 1835 389 1898 hoec
410 1835 443 1894 in
470 1837 613 1912 promptu
640 1838 711 1896 sunt
733 1835 881 1912 exemplo:
912 1835 988 1911 111,
1004 1836 1067 1894 175
1092 1831 1186 1898 ‘llere'
1213 1855 1263 1898 ex·

248 1923 355 1986 hibent
381 1916 437 1999 sb,
469 1923 560 1984 ceteri
592 1923 663 1984 libri
693 1927 813 2003 prester
839 1918 869 1987 R
899 1917 946 2006 (in
974 1943 1035 2001 qno
1063 1925 1138 1987 item
1169 1919 1265 1987 ‘itere'

249 2004 376 2095 legitur)
398 2006 540 2089 ‘flerunt’,
569 2006 600 2076 lt
626 2013 718 2074 hebet
740 2008 817 2074 ‘oei’
845 2014 926 2090 quod
954 2014 1162 2090 compendium
1184 2014 1265 2074 elius

250 2103 339 2164 sliter
361 2102 459 2162 solvit
505 2102 585 2180 quod
607 2101 639 2162 11
656 2122 700 2179 pr.
721 2104 742 2164 6
763 2103 797 2163 in
815 2095 864 2164 SU
888 2104 988 2164 exstet
1005 2097 1145 2165 ‘morum'
1150 2124 1159 2162 :
1180 2103 1213 2164 in
1231 2096 1263 2166 ll

249 2192 311 2252 fere
325 2191 491 2252 confluxere
503 2209 591 2252 voces
605 2185 648 2250 ‘in
663 2186 756 2252 omni'
770 2191 928 2269 minusque
942 2192 1042 2254 clsrse
1055 2194 1127 2253 sunt
1139 2192 1262 2254 litterse

251 2274 333 2338 ‘mn'.
358 2279 391 2339 11
406 2282 435 2355 1,
449 2280 490 2338 96
509 2279 643 2358 ligature
661 2273 714 2340 ‘et'
734 2298 825 2356 quem
842 2280 874 2339 in
892 2298 965 2342 voce
983 2275 1121 2357 ‘pietete'
1140 2281 1265 2344 sdmisit

249 2367 390 2428 librarius
406 2360 452 2443 ll,
468 2367 582 2428 fectum
599 2370 654 2444 est,
672 2371 711 2428 ut
726 2362 877 2444 ‘pioirste'
895 2368 1048 2429 exhiberet
1060 2380 1094 2431 σ.
1116 2369 1148 2430 Π
1159 2371 1260 2446 1,161

250 2450 364 2533 ‘polum
378 2451 573 2532 eetieotique’
588 2448 646 2538 (sic
655 2449 719 2538 SU)
737 2460 808 2534 post
820 2461 1041 2520 correctoresm
1053 2459 1263 2537 neglegentem

249 2543 405 2606 librsiium
426 2544 525 2624 legere
547 2546 679 2622 potuisse
701 2548 831 2605 testetur
852 2545 1010 2608 Ktohuius.
1055 2547 1088 2608 11
1106 2550 1127 2608 2
1145 2551 1187 2607 et.
1208 2547 1261 2610 ubi

251 2628 294 2692 ‘et
316 2628 411 2696 elisis'
433 2627 482 2696 Sl]
504 2633 658 2712 praebent,
679 2627 761 2696 inl
783 2634 902 2696 littores
918 2635 943 2695 F
962 2634 1035 2696 eto
1057 2655 1118 2698 non
1139 2655 1264 2713 prorsus

250 2722 365 2784 slienoe
387 2740 451 2782 esse
474 2722 512 2782 eb
535 2723 561 2784 E
584 2725 616 2784 et
634 2728 656 2788 6
678 2723 761 2784 idem
782 2726 957 2788 auctorest
988 2724 1020 2784 Π
1034 2727 1065 2802 2,
1079 2726 1120 2786 66
1139 2725 1171 2786 in
1188 2743 1262 2786 voce

251 2807 426 2891 ‘Phydiscs'
448 2811 540 2873 rubrs
561 2811 643 2872 lines
662 2831 718 2890 per
739 2813 874 2874 litterum
891 2813 916 2876 P
938 2814 1029 2874 ductu
1051 2814 1189 2873 effectum
1205 2817 1265 2890 est,

253 2903 289 2960 nt
312 2901 422 2978 uliquis
444 2903 547 2978 posset
567 2900 665 2979 legere
684 2898 709 2961 Ο
732 2921 787 2978 pro
804 2902 839 2962 P.
871 2903 941 2964 bine
962 2902 1105 2964 lectiones
1126 2903 1264 2965 codicum

251 2982 300 3050 SU
327 2992 417 3050 nstee
445 2992 527 3050 sunt:
559 2989 678 3050 exhibet
706 2990 787 3050 enim
813 2984 835 3051 S
862 2989 1023 3067 Ohrdisce,
1054 2985 1263 3054 Ullordisoe.

252 3078 331 3154 quod
348 3076 395 3137 HI
411 3081 439 3153 1,
455 3079 494 3138 13
519 3073 679 3156 ‘hynteque
696 3074 794 3138 olivis’
815 3080 848 3138 in
865 3073 914 3142 SU
936 3080 1058 3158 legitur,
1073 3080 1264 3143 mettensis

250 3166 376 3228 lectione
400 3161 559 3244 ‘hyntoque
582 3167 701 3228 clnmll’
725 3167 898 3245 explicetur.
943 3169 1035 3246 1114‚
1050 3171 1092 3232 90
1115 3165 1259 3231 ‘madere’

252 3247 308 3338 (sio
330 3247 395 3337 SU)
421 3254 576 3314 librarium
598 3274 705 3334 perum
727 3256 887 3335 diligenter
908 3257 1058 3337 legentem
1080 3258 1186 3322 elicere
1208 3277 1264 3337 po·

250 3345 343 3404 misse
375 3336 463 3406 exli
490 3335 647 3426 (incidere)
674 3345 707 3408 in
735 3345 895 3408 collstione
922 3346 1079 3409 sdnotevit
1100 3347 1262 3411 Krobnins

249 3433 294 3492 IV
310 3436 339 3510 1,
354 3435 394 3496 29
417 3431 567 3512 puticuls
585 3428 661 3493 ‘neo’
680 3453 788 3513 perum
802 3435 957 3512 perspicue
976 3437 1088 3513 scripte
1105 3437 1262 3500 turbatum

251 3540 313 3583 esse
339 3522 496 3584 librarium
521 3515 547 3583 F
575 3515 698 3604 euprs¹)
726 3525 1031 3586 commemoravimus:
1064 3526 1116 3604 qui
1142 3528 1262 3606 petrem

323 3710 351 3780 1)
368 3707 402 3764 of.
416 3726 444 3780 p.
458 3706 568 3764 XXVII.
