2925 4192
641 375 846 430 PRAEFATIO
1124 368 1249 431 LXXXV

240 525 395 584 tinendum
418 538 481 585 esse
505 527 612 585 censui.
645 526 764 586 videtur
781 527 860 587 enim
882 545 917 585 ea
936 527 1033 586 forma
1050 508 1141 586 fuisse
1162 515 1248 586 fami·

239 614 323 674 liaris
356 616 419 674 eius
451 615 517 674 aevi
544 617 649 692 poetis.
690 635 751 674 non
778 616 874 675 solum
900 619 1020 692 praeter
1045 616 1124 674 hunc
1150 616 1249 674 locum

236 705 284 762 ter
316 705 414 762 exstat
444 697 529 764 inii
561 696 966 784 (1112‚138.1113,140.
990 704 1018 762 V
1038 707 1066 779 2,
1083 697 1170 786 139),
1198 705 1249 763 sed

239 791 332 850 etiam
355 792 435 868 apud
454 792 560 851 Silium
579 785 640 873 (111
659 784 738 874 600)
758 786 884 869 ‘Idyme'
902 793 962 851 fuit
983 794 1015 852 in
1038 794 1199 869 archetypo
1219 797 1250 851 ct

238 880 319 957 apud
345 880 499 939 Valerium
528 881 668 941 Flaccum
697 882 770 940 haee
799 882 896 940 forma
925 882 1001 940 latet
1033 882 1066 939 in
1100 883 1250 958 apparatu

238 969 341 1029 critico
364 969 449 1052 1¹12.
497 970 573 1028 adde
595 969 674 1047 quod
698 969 777 1046 apud
800 969 967 1048 Vergilium
990 963 1172 1051 (Georg.'HI
1192 963 1248 1051 12)

237 1058 269 1116 in
288 1058 504 1134 antiquissimis
518 1055 702 1135 'optimisque
720 1057 806 1118 libris
824 1059 916 1118 ferme
934 1059 1045 1137 legitur
1060 1054 1248 1135 ‘Idymaeas'.

304 1146 336 1205 Π
352 1149 450 1222 praef.
472 1150 512 1206 12
536 1147 674 1206 lacunam
698 1167 788 1223 quam
815 1150 992 1223 statueram,
1014 1148 1098 1206 hiare
1122 1151 1152 1206 et
1174 1146 1250 1206 Kar-

239 1227 371 1317 stenus¹)
396 1236 537 1314 cognovit
560 1237 752 1312 conceditque
775 1237 866 1296 etiam
879 1236 1021 1296 Vollmer.
1054 1236 1105 1295 sed
1128 1254 1249 1313 prorsus

238 1322 436 1384 abdicandum
457 1323 696 1401 reiciendumque
715 1328 768 1401 est,
788 1324 867 1401 qnod
889 1325 941 1385 ille
960 1325 996 1383 de
1019 1323 1164 1402 explenda
1185 1343 1250 1384 sen·

238 1413 336 1472 tentia
358 1414 549 1491 excogitavit.
593 1433 689 1490 neque
713 1415 791 1472 enim
818 1415 957 1474 lacunam
983 1417 1104 1472 tantum
1133 1416 1250 1488 statuit,

238 1501 290 1561 sed
318 1501 409 1562 etiam
437 1521 513 1578 quae
543 1502 571 1561 ci
600 1502 729 1562 finitima
761 1505 843 1580 sunt,
875 1504 1044 1563 coniectura
1075 1503 1250 1579 temptavit:

239 1585 333 1650 ‘tnnc'
356 1591 435 1649 enim
457 1591 614 1667 proposuit
636 1610 690 1668 pro
714 1586 806 1652 ‘nont
852 1593 954 1669 itaque
978 1592 1013 1650 do
1041 1592 1105 1651 eins
1133 1592 1250 1668 supple-

238 1683 338 1738 mento
368 1679 459 1740 verba
488 1680 585 1738 iacere
614 1681 665 1739 vix
695 1699 802 1756 operae
830 1681 960 1756 pretium
990 1684 1043 1740 cst.
1088 1680 1163 1738 mihi
1190 1681 1251 1739 tale

240 1762 382 1844 quiddam
402 1769 520 1828 videtur
542 1768 683 1828 haustum
705 1788 767 1829 esse
790 1771 911 1828 lacuna:
933 1773 995 1829 ium
1016 1787 1076 1828 uon
1098 1771 1150 1850 tibi
1170 1764 1252 1847 <tom

239 1858 357 1931 funesto
385 1862 412 1916 ct
434 1859 556 1931 ploratu
581 1861 721 1918 mousom
749 1863 790 1917 cst
811 1877 900 1932 quom
922 1853 1008 1936 mm>
1033 1859 1122 1917 taius
1149 1860 1252 1916 ammei

240 1963 339 2005 recens
361 1947 478 2015 ocinus,
501 1950 535 2004 ut
555 1948 621 2015 scis,
646 1947 770 2020 epicedio
787 1951 960 2021 prosecutus
982 1965 1056 2005 sum.

305 2035 337 2093 Π
357 2036 385 2110 1,
402 2036 443 2093 64
467 2033 602 2093 Vollmer
619 2035 732 2094 frustra
749 2036 910 2111 temptavit
927 2034 1071 2094 traditum
1094 2033 1251 2093 lectionem

240 2123 403 2182 defendere.
449 2141 519 2182 nam
550 2142 625 2199 quae
655 2123 783 2199 protulit
813 2123 960 2200 exempla,
983 2141 1018 2181 ea
1045 2123 1133 2198 plane
1164 2123 1252 2182 aliter

240 2216 413 2288 comparata
440 2215 519 2272 sunt.
564 2212 727 2272 collocatur
755 2212 834 2270 enim
864 2212 944 2271 haud
973 2230 1041 2271 raro
1068 2211 1251 2288 praepositio

238 2303 308 2377 post
331 2300 551 2360 substantivum
573 2301 621 2360 vel
645 2301 837 2378 coniungitur
855 2321 921 2360 cum
940 2302 1003 2360 eius
1022 2300 1177 2359 attributo.
1214 2301 1252 2358 ad

239 2389 314 2448 illud
341 2390 399 2448 loci
427 2393 564 2467 spectant
592 2409 665 2465 quos
688 2389 823 2448 Vollmer
848 2390 912 2466 ipse
941 2389 1056 2449 addidit
1078 2389 1186 2448 Leonis
1214 2388 1253 2446 ad

241 2476 350 2537 calicis
363 2498 391 2538 v.
403 2480 444 2538 92
460 2480 615 2555 exemplis:
633 2478 721 2554 Prop.
731 2479 779 2538 111
794 2481 823 2554 1,
833 2481 861 2537 4.
875 2478 963 2538 Aetn.
976 2479 1039 2537 326
1051 2479 1089 2536 al.
1103 2478 1192 2536 huius
1207 2478 1252 2536 rei

240 2567 375 2642 exempla
398 2587 432 2626 ex
451 2567 592 2628 sescentis
610 2586 745 2644 propono
763 2568 836 2626 haec
853 2567 940 2627 anr.
954 2566 999 2625 VI
1018 2568 1081 2626 683
1105 2568 1253 2640 muithuc

240 2659 310 2714 sunt
335 2657 413 2730 quis
429 2673 524 2729 propo
545 2659 658 2715 sumno
680 2659 784 2730 aquai,
803 2657 819 2713 I
835 2659 899 2715 740
915 2658 1074 2730 manipiis
1097 2659 1194 2713 tumen
1219 2659 1253 2713 in

240 2761 339 2802 rerem
356 2744 447 2816 fecere
464 2746 577 2803 ruinas.
601 2746 634 2802 at
649 2743 727 2803 Stati
745 2745 810 2803 loco
829 2745 918 2819 plane
932 2744 1021 2802 aliter
1037 2761 1085 2802 res
1103 2761 1134 2801 se
1153 2743 1251 2802 habet.

240 2832 443 2907 interponitur
466 2833 544 2890 euim
567 2832 646 2890 inter
669 2831 849 2891 attributum
868 2835 898 2890 et
920 2831 1169 2908 praepositionem
1187 2850 1254 2890 vcr-

241 2919 320 2978 bum.
351 2920 466 2979 accedit
484 2920 563 2995 quod
580 2939 687 2996 parum
709 2922 809 2997 placet
828 2918 983 2980 Glauciam
1002 2920 1103 2979 oscula
1120 2920 1252 2979 Melioris

242 3008 280 3068 ad
298 3011 397 3084 postes
416 3027 563 3068 revocare.
594 3011 697 3068 contra
717 3029 806 3085 quam
824 3009 924 3084 lepida
941 3009 1051 3087 imago,
1070 3008 1253 3087 attingimus

242 3097 341 3156 animo
360 3100 531 3173 sequentem
544 3116 640 3173 usque
655 3099 693 3157 ad
706 3098 812 3156 limina
827 3097 978 3157 dominnm
995 3097 1096 3174 ibique
1114 3099 1252 3158 insisten-

241 3189 303 3245 tem
326 3187 411 3263 qnasi
434 3187 572 3246 veritum
586 3189 686 3263 postes
710 3186 810 3264 egredi
829 3189 859 3245 et
878 3186 1034 3247 abeuntem
1056 3205 1195 3247 revocare
1215 3186 1253 3245 ad

243 3275 355 3334 oscula!
387 3276 490 3351 itaque
517 3293 585 3335 oum
612 3276 699 3336 Italis
727 3276 888 3353 singulan's
916 3276 1084 3336 ablativum
1110 3270 1186 3352 ‘ipso
1208 3307 1254 3316 -

241 3355 338 3440 poste'
361 3364 499 3440 probavi,
523 3383 583 3442 quo
610 3383 733 3437 numero
755 3366 854 3424 utitur
877 3365 915 3425 ad
942 3368 1063 3425 ianuam
1085 3364 1253 3442 significan-

243 3453 313 3511 dam
336 3455 366 3512 st
389 3453 462 3513 alibi
486 3452 600 3513 Statius
625 3472 648 3512 e.
668 3475 696 3532 g.
714 3453 759 3511 IV
779 3457 807 3530 1,
822 3455 873 3513 44.
919 3454 1049 3514 breviter
1074 3471 1179 3514 moneo
1205 3472 1252 3511 me

243 3541 338 3600 Elteri
362 3543 562 3602 coniecturam
585 3562 612 3600 v.
629 3545 668 3602 71
695 3537 801 3602 ‘dulcis
815 3538 944 3603 —oura'
968 3537 1253 3625 (‘dulces-curae'

314 3731 340 3799 1)
358 3728 376 3780 l.
391 3728 410 3782 l.
429 3745 456 3797 p.
473 3733 533 3783 350.
