2925 4192
119 375 127 390 ·
231 362 276 427 42
584 361 613 415 P.
632 360 755 413 PAPlNl
774 358 890 415 suurn

231 506 364 571 ibimus:
388 505 552 570 immensis
574 526 687 569 urnam
711 504 816 588 quatit
838 503 962 567 Aeacus
984 502 1115 566 umbris.

231 593 361 680 asthic,
380 616 475 679 quem
493 593 659 680 gemimus,
677 593 755 657 felix
772 592 981 675 hominesque
1000 591 1138 673 deosque
1184 604 1237 655 220

232 687 265 748 et
287 682 403 747 dubios
425 704 517 747 casus
539 685 572 747 et
595 703 705 747 caecae
726 681 852 746 lubrica
873 680 957 745 vitae

232 772 387 872 effugit'
378 770 530 836 lmmunis
551 771 636 835 fatis
680 792 747 835 non
768 770 823 833 ille
846 769 981 869 rogavit,

230 882 296 925 non
318 860 428 924 timuit
449 859 605 924 meruitve
626 859 722 923 mori:
745 880 804 923 nos
827 857 922 922 anxia
943 856 1065 942 plebes,

231 970 291 1013 nos
313 948 429 1027 miseri,
453 947 572 1033 quibus
594 948 677 1012 unde
700 946 767 1011 dies
790 967 945 1031 suprema,
970 944 1043 1029 quis
1066 943 1135 1009 aevi

231 1037 346 1123 exitus,
367 1036 533 1121 incertum,
556 1036 675 1121 quibus
696 1035 796 1100 instet
781 1035 940 1099 tfulmcn
963 1034 1005 1097 ab
1028 1032 1131 1115 astris,
1183 1046 1237 1095 225

232 1147 313 1210 quae
334 1089 438 1190 hubes
460 1125 557 1189 fatale
581 1128 681 1189 sonet.
725 1123 773 1188 nil
794 1124 868 1188 flect
854 1122 932 1187 teris
954 1122 999 1186 ist
984 1120 1049 1185 tis?

230 1214 286 1279 sed
308 1215 435 1279 flectere
457 1213 569 1278 libens.
610 1212 685 1277 ades
706 1213 770 1277 huc
793 1212 928 1277 emissus
951 1211 992 1275 ab
1015 1213 1087 1273 atro

231 1303 352 1388 limine,
374 1300 425 1367 cui
448 1301 508 1367 soli
531 1305 644 1367 cuncta
666 1300 838 1385 impetrare
861 1299 1005 1385 facultas,

231 1391 364 1457 Glaucia
386 1429 428 1437 -
451 1390 594 1455 insontes
617 1389 739 1454 animas
761 1411 819 1453 nec
842 1388 982 1472 portitor
1004 1390 1090 1451 arcet

229 1501 288 1544 nec
311 1479 407 1543 durae
430 1500 535 1543 comes
557 1478 612 1543 ille
633 1478 719 1542 ferae
735 1502 789 1541 -ε
812 1481 849 1542 tu
872 1480 1003 1560 pectora
1025 1474 1137 1559 mulce,
1184 1489 1239 1537 uuo

229 1571 267 1632 tu
289 1565 427 1650 prohibe
448 1588 578 1631 manare
600 1588 699 1652 genas
720 1571 895 1650 noctesque
917 1565 1028 1629 beatas

230 1654 378 1740 dulcibus
400 1654 550 1738 alloquiis
572 1659 604 1719 et
626 1653 707 1718 vivis
729 1654 874 1718 vultibus
896 1653 995 1737 imple

231 1748 263 1808 et
284 1742 416 1827 periisse
438 1765 522 1829 nega
544 1742 781 1826 desolatamque
805 1764 954 1827 sororem,

232 1831 287 1916 qui
309 1836 412 1919 potes,
433 1835 466 1895 et
489 1831 622 1896 miseros
644 1852 741 1915 perge
765 1830 924 1895 insinuare
947 1832 1105 1914 parentes.

723 2129 763 2194 Π.

403 2267 512 2321 VILLA
530 2266 762 2321 SURRENTINA
780 2267 898 2322 POLLll
915 2266 1058 2321 FELICIS.

297 2393 358 2457 Est
380 2393 463 2457 inter
485 2395 580 2456 notos
603 2390 749 2455 Sirenum
771 2392 899 2456 nomine
921 2414 1029 2456 muros

229 2502 370 2566 saxaque
393 2480 576 2564 Tyrrhenae
598 2479 729 2561 templis
753 2484 882 2543 onerata
903 2479 1065 2544 Minervae

229 2569 313 2635 celsa
335 2567 503 2633 Dicarchei
526 2565 720 2652 speculatrix
743 2566 820 2629 villa
841 2568 1003 2651 profundi,

230 2680 294 2743 qua
315 2656 447 2721 Bromio
471 2656 606 2722 dilectus
629 2677 712 2740 ager,
736 2654 894 2738 collesque
916 2678 974 2740 per
996 2654 1042 2719 alt
1028 2658 1079 2719 tos

228 2746 334 2811 uritur
356 2744 509 2828 etprelis
531 2766 596 2809 non
619 2742 739 2807 invidet
761 2765 822 2807 uva
840 2742 992 2808 Falernis
1223 2762 1240 2809 5

228 2835 292 2899 huc
314 2856 365 2898 me
388 2838 464 2933 post
484 2831 582 2917 patrii
602 2831 667 2895 laet
653 2835 723 2894 tum
746 2831 962 2915 quinquennia
982 2832 1076 2896 lust'
1035 2836 1086 2915 tm,

229 2945 302 2987 cum
324 2921 460 2986 stadio
451 2944 516 2985 1am
538 2920 633 3005 pigra
656 2919 747 3001 quies
769 2940 928 3003 canusque
950 2919 1074 2984 sederet

228 3010 336 3094 pulvis
359 3008 399 3072 ad
419 3007 607 3073 Ambracias
630 3029 781 3072 conversa
803 3007 960 3092 gymnade
983 3008 1122 3092 frondes,

229 3102 319 3162 trans
342 3096 464 3181 gentile
486 3097 605 3160 fretum
627 3094 746 3178 placidi
768 3094 915 3159 facundia
937 3094 1021 3159 Polli

229 3184 346 3249 detulit
369 3187 402 3246 et
423 3183 544 3246 nitidae
566 3183 715 3248 iuvenilis
738 3182 843 3268 gratia
864 3182 982 3266 Pollae,
1205 3202 1241 3249 10

300 3416 352 3465 219
370 3407 567 3463 immensis-
533 3407 699 3463 -umbrisz
718 3406 924 3460 innumeris-
942 3406 1047 3460 umbris
1067 3408 1241 3466 Ιιιιιιιιιιοι-

228 3484 313 3537 mico
331 3476 634 3534 immensis—ulmos
698 3484 749 3531 222
769 3476 848 3530 fatis:
866 3475 951 3534 ιιιις
1013 3482 1065 3531 223
1084 3480 1241 3536 meruitve:

228 3551 356 3606 renuitve
374 3550 510 3605 Heinsius
598 3553 649 3600 229
668 3546 800 3601 Glaucia:
823 3544 980 3599 Glaucia'
958 3563 982 3599 ιι
1000 3548 1242 3629 numqaum

228 3620 348 3677 Glaucia
364 3636 468 3679 namq
538 3623 591 3672 230
611 3618 708 3671 durae:
727 3617 841 3674 diraes
918 3615 978 3670 ille.
998 3634 1037 3671 un
1054 3617 1124 3673 illa?

299 3692 332 3747 II
352 3691 483 3745 4bromo
501 3690 541 3742 1¹
559 3690 592 3743 in
608 3706 659 3759 ιιι.
733 3684 864 3741 5Uritur
881 3684 945 3755 (ri'
933 3704 964 3741 aa
981 3704 1035 3742 roa
1053 3689 1105 3757 1¹)
