2925 4192
606 348 636 400 P.
653 346 776 400 PAPlNI
795 346 912 401 STATH

345 493 458 578 plebes
481 492 582 556 altera
604 512 670 556 non
691 490 798 556 minor
821 491 958 556 sedente.
1074 535 1079 548 ·

344 582 379 646 hi
402 580 535 666 panaria
557 579 771 663 candidasque
792 602 928 664 mappas
1012 575 1014 581 ’

343 671 535 736 subvectant
557 669 732 752 epulasque
754 667 919 753 lautiores3

343 759 392 823 illi
415 758 555 823 marcida
575 757 651 821 vina
672 755 868 843 largiuntur:

343 848 455 912 Idaeos
476 844 612 922 totidem
634 849 730 929 putes
753 844 925 910 ministros.

344 936 555 1020 orbemsqua
577 934 692 999 melior
715 932 916 1019 severiorque
940 939 998 1019 est,

344 1029 376 1089 et
399 1027 513 1111 gentes
535 1022 595 1087 alis
617 1022 752 1087 insemel
775 1026 903 1109 togatas

344 1118 377 1179 et
400 1135 472 1177 cum
494 1116 545 1177 tot
567 1112 707 1196 populos
729 1113 825 1175 beata
848 1133 968 1195 pascas,

343 1203 437 1286 hune,
459 1200 606 1286 Annona,
629 1200 713 1264 diem
737 1200 877 1283 superba
898 1200 1009 1264 nescis.

343 1291 355 1355 i
377 1313 462 1356 nunc
485 1289 611 1356 saecula
634 1309 797 1373 compara,
819 1288 982 1371 Vetustas,

343 1380 468 1464 antiqui
491 1377 577 1444 Iovis
600 1399 793 1461 aureumque
816 1381 957 1461 tempus:

343 1491 409 1534 non
431 1468 477 1532 sic
498 1468 602 1532 libera
624 1466 699 1531 vina
721 1471 799 1531 tunc
821 1466 966 1530 fluebant

342 1579 401 1621 nec
423 1556 551 1621 tardum
574 1577 666 1641 seges
689 1554 869 1638 occupabat
892 1576 1018 1619 annum.

342 1668 407 1709 una
430 1644 569 1710 vescitur
591 1643 696 1708 omnis
718 1643 796 1708 ordo
820 1664 941 1725 mensa,

300 1768 302 1773 ·
344 1734 449 1819 parvi,
472 1733 604 1818 femina,
627 1733 731 1816 plebs,
755 1753 861 1816 eques,
884 1736 1025 1796 senatus:

344 1822 479 1887 libertas
501 1820 713 1910 reverentiam
736 1820 868 1885 remisit.

343 1915 376 1975 et
401 1916 438 1975 tu
461 1910 660 1995 quinetiam
683 1947 724 1956 —
750 1908 822 1993 quis
843 1909 905 1974 hoc
927 1908 1042 1987 vocari,

343 1999 416 2084 quis
437 1999 628 2083 promittere
651 1998 755 2082 possit
777 1998 839 2062 hoc
862 1996 1015 2062 deorum?
1038 2034 1084 2045 -·

340 2088 510 2154 nobiscum
532 2088 634 2153 socias
657 2087 756 2170 dapes
779 2086 878 2151 inisti.

343 2178 408 2241 iam
430 2199 477 2263 se,
501 2175 646 2260 quisquis
669 2176 697 2239 is
721 2179 769 2239 est
796 2175 899 2259 inops,
923 2175 1037 2239 beatus

343 2265 509 2330 convivam
532 2264 621 2328 ducis
644 2285 711 2328 esse
734 2263 900 2349 gloriatur.

410 2354 470 2417 hos
492 2352 577 2417 inter
599 2351 747 2416 fremitus
769 2372 931 2436 novosque
954 2352 1050 2416 luxus

343 2440 508 2526 spectandi
523 2440 610 2525 levis
633 2440 748 2526 effugit
770 2439 936 2524 voluptas:

343 2534 408 2595 stat
430 2552 526 2595 sexus
548 2529 637 2593 rudis
658 2529 841 2613 insciusque
864 2528 955 2613 ferri3

343 2623 380 2683 ut
403 2640 530 2705 pugnas
552 2617 640 2702 capit
662 2618 832 2702 improbus
854 2617 975 2682 viriles!

343 2707 452 2773 credas
475 2707 514 2772 ad
536 2706 659 2771 Tanain
681 2706 848 2790 ferumque
871 2706 1002 2771 Phasim

342 2796 646 2862 Thermodontiaeas
669 2796 771 2860 calere
793 2800 923 2860 turmas.

343 2886 396 2950 hic
418 2886 522 2951 audax
546 2885 636 2950 subit
659 2884 737 2949 ordo
760 2884 965 2968 pumilorum,

345 2996 425 3058 quos
447 2979 563 3039 natura
585 2973 692 3038 brevis
715 2972 825 3037 statim
848 2975 978 3056 peracta

253 3120 327 3126 ...-...
345 3119 465 3126 ...----.

325 3207 359 3256 36
384 3199 513 3256 insemel:
546 3200 661 3254 insimul
686 3217 702 3259 ς
799 3205 831 3253 37
857 3199 953 3254 beata:
986 3198 1068 3252 beate
1096 3200 1212 3253 Hessius
1237 3204 1287 3253 etr

254 3274 384 3343 Lofoyus
415 3274 529 3340 (emoto
556 3273 628 3341 qaod
652 3278 691 3326 eet
719 3290 744 3327 o.
764 3274 801 3325 38
832 3270 932 3339 nescit)
1052 3273 1085 3321 38
1112 3267 1203 3324 nescis
1231 3285 1261 3327 ς;

254 3343 345 3400 nescit
434 3347 466 3395 41
500 3342 602 3397 libera:
635 3342 722 3395 ubera
755 3341 956 3397 Corneliaeque
986 3341 1042 3409 (sed
1072 3340 1107 3407 cf.
1131 3340 1204 3395 Patr.
1222 3343 1262 3393 26

248 3415 360 3488 liberae
378 3415 475 3484 cenae)
572 3418 606 3467 46
630 3412 726 3466 vocari
748 3412 884 3485 Ettiyius:
911 3426 1022 3465 vocare:
1049 3427 1150 3481 rogare
1173 3426 1190 3470 ς

242 3485 288 3541 ⁴52
307 3488 342 3555 cf.
361 3488 426 3542 odo.
445 3486 483 3540 aa
499 3503 525 3541 o.
540 3488 577 3539 96
636 3482 796 3553 spectandi:
815 3482 954 3553 spectanti
972 3482 1106 3537 Heinsius
1165 3485 1198 3535 55
1217 3483 1262 3534 ta-

253 3556 333 3614 nain:
352 3556 460 3613 tanaim
478 3575 504 3609 m
581 3555 726 3623 ferumque
745 3572 782 3609 m:
802 3554 959 3621 ferrumque
1044 3558 1076 3606 57
1095 3552 1161 3607 Hic:
1193 3550 1260 3605 hinc

256 3629 423 3686 Gronooiasz
456 3627 500 3683 his
519 3628 686 3683 Bernartius
793 3624 895 3679 Pumili
920 3622 972 3676 dnr
995 3626 1024 3678 et
1049 3622 1216 3693 pumiliones
1235 3640 1262 3674 m

253 3705 284 3756 in
302 3719 353 3773 my.
