2925 4192
612 345 817 400 PRAEFATIO
1068 346 1220 402 LXXXVII

204 497 307 556 ludere
330 497 451 572 poetam
473 515 560 556 nemo
583 515 643 556 non
666 496 761 571 videt,
789 496 841 556 sed
869 496 992 556 dubium
1016 515 1082 558 esse
1109 501 1218 574 potest,

204 589 307 645 ulrum
342 585 412 661 plus
448 604 487 644 an
518 585 617 644 minus
650 587 770 644 centnm
801 585 953 646 columnas
988 585 1021 644 in
1052 586 1219 648 Domitiani

82 679 96 727 i
205 674 360 734 uenatione
383 672 502 733 suerint.
535 673 611 733 illud
633 674 741 734 statuit
759 673 928 750 nuperrime
941 674 1083 734 Vollmer.
1116 678 1218 737 temen

205 764 231 824 si
260 762 451 823 Domitianas
484 762 588 821 domus
619 762 651 821 in
681 763 822 823 Palatino
853 762 996 838 reliquias
1024 765 1218 841 contemplati

205 852 324 928 erimus,
347 853 465 912 centum
488 851 633 910 columnis
655 851 688 910 in
709 871 769 910 nno
793 850 928 911 conclavi
949 852 1048 912 locum
1069 871 1131 912 non
1154 872 1216 914 esse

204 941 341 1016 liquebit.
373 934 444 999 ‘non
467 934 597 998 centum'
616 940 711 1018 igitur
735 935 843 999 ‘minus
864 958 956 1016 quam
975 936 1107 1000 centum'
1125 942 1217 1020 signi·

83 1077 84 1080 .
204 1029 283 1090 ficat.
311 1028 380 1088 hinc
399 1027 536 1101 efficitur,
550 1031 584 1087 ut
602 1046 727 1104 sequens
742 1023 896 1105 ‘quantae'
915 1028 954 1088 ad
971 1029 1217 1107 magnitudinem,

84 1155 85 1158 =
204 1137 265 1178 non
287 1121 322 1178 ut
339 1116 490 1176 Vollmero
514 1117 629 1192 placuit
652 1117 691 1177 ad
713 1137 869 1176 numerum
887 1119 1009 1193 spectet.
1040 1119 1096 1178 hoc
1114 1119 1216 1179 Domi-

203 1207 281 1270 tiani
300 1206 447 1282 palatium
459 1206 561 1266 Iovem
575 1204 779 1283 Capitolinum
797 1206 939 1266 admirari
962 1207 1114 1267 contendit
1127 1227 1215 1283 porro

203 1299 303 1371 poeta.
348 1295 423 1354 caeli
450 1295 630 1370 deorumque
656 1296 807 1354 mentione
834 1314 869 1354 eo
892 1295 1011 1354 ducitur
1032 1298 1067 1354 ut
1088 1297 1216 1373 impera·

76 1377 78 1384 *
203 1388 301 1444 torem
324 1386 428 1460 utpote
451 1384 539 1442 deum
561 1384 676 1443 eaelum
698 1384 864 1459 petiturum
886 1384 1069 1444 memineritt
1092 1387 1160 1444 orat
1181 1389 1217 1444 ut

204 1492 295 1550 quam
309 1473 475 1532 diutissime
492 1472 580 1532 terris
598 1474 755 1532 contentus
773 1473 821 1532 sit.
843 1473 919 1532 hanc
938 1474 1117 1533 sententiam
1135 1474 1216 1533 haud

77 1553 86 1621 Ϊ
202 1563 304 1637 inepte
319 1561 556 1621 adnexam-cf.
578 1562 627 1622 60.
642 1561 657 1620 Ι
673 1564 701 1635 1,
717 1563 789 1622 106.
804 1560 894 1620 Theb.
909 1561 924 1620 I
939 1563 990 1623 30.
1003 1562 1074 1622 Luc.
1089 1563 1216 1621 146-

202 1650 323 1709 subesse
342 1668 444 1710 censeo
463 1650 560 1709 verbis
578 1670 606 1709 v.
618 1652 657 1709 22
677 1670 731 1710 nec
749 1667 891 1728 magnum
908 1669 1048 1726 properes
1068 1643 1118 1732 (cf.
1133 1655 1215 1710 astra

203 1741 287 1814 petes
306 1757 406 1798 serus
424 1738 496 1798 Luc.
515 1738 534 1796 l.
549 1731 583 1819 l.)
608 1739 745 1797 excedere
769 1739 892 1798 caelum.
926 1742 1024 1798 totum
1046 1740 1102 1799 hoe
1125 1760 1215 1798 enun-

201 1829 315 1886 tiatum
338 1827 424 1902 quasi
445 1828 648 1902 parenthetica
671 1827 881 1902 interpositum
904 1830 957 1886 est.
989 1845 1132 1905 magnum
1150 1847 1214 1888 cae-

202 1917 267 1974 lum
295 1916 437 1993 intellego
465 1914 636 1974 directionis
663 1916 867 1975 accusativum
898 1916 946 1974 cui
972 1935 1031 1974 non
1064 1935 1138 1992 opus
1170 1920 1215 1975 est

203 2004 422 2080 praepositione
455 1998 510 2062 ‘in’
540 2023 630 2080 quem
653 1996 928 2084 Lundstroemiusl)
959 2004 1125 2063 addendam
1148 2024 1214 2064 oen-

200 2094 273 2154 suit.
297 2093 454 2153 excedendi
477 2095 578 2152 autem
596 2092 685 2153 verbo
705 2093 784 2168 quod
802 2092 948 2151 moriendi
965 2092 1117 2152 notionem
1135 2093 1214 2152 idem

200 2184 299 2242 inesse
322 2182 428 2255 voluit,
450 2200 557 2257 parum
579 2181 706 2242 feliciter
728 2181 803 2240 mibi
825 2180 964 2240 videatur
985 2182 1088 2259 egisse.
1124 2183 1213 2241 reliu-

200 2271 315 2348 quendi
337 2272 383 2329 vis
405 2271 482 2329 latet
504 2289 550 2329 me
573 2271 669 2330 iudice
692 2270 724 2329 in
747 2271 803 2330 hoc
825 2269 929 2329 verbo:
951 2270 1029 2346 petit
1047 2270 1162 2330 Statius
1179 2275 1214 2330 ut

200 2360 394 2420 Domitianus
417 2359 566 2435 palatium
589 2360 641 2419 diu
662 2359 799 2419 habitare
822 2359 968 2437 dignetur.

269 2449 346 2523 Va,
366 2450 405 2507 11
429 2447 563 2508 Vollmer
584 2449 728 2508 traditam
746 2465 849 2508 vocem
872 2442 1054 2524 ‘propinqui'
1078 2449 1210 2509 retinuit.

200 2540 236 2596 at
265 2556 317 2596 cur
340 2536 455 2596 Statius
483 2539 540 2597 hoc
569 2538 634 2598 loco
663 2538 837 2613 alloquatur
863 2537 1047 2612 propinquos
1075 2535 1213 2615 Crispini,

201 2627 292 2701 plane
319 2644 379 2685 non
410 2627 596 2701 perspicitur.
640 2626 714 2684 mihi
742 2644 915 2701 persuasum
942 2629 987 2684 est
1014 2619 1212 2701 ‘propinquis'

75 2726 78 2746 ’
202 2714 443 2774 substituendum
472 2733 535 2774 esse
564 2715 595 2772 et
624 2714 665 2772 sic
695 2714 914 2789 explicandum:
944 2716 1050 2772 suntne
1081 2715 1212 2790 optanda

200 2805 295 2862 etiam
318 2821 361 2880 ea,
385 2820 461 2877 quae
482 2802 658 2878 propinquis
681 2802 781 2860 tristia
804 2800 893 2860 sunt?
920 2820 990 2861 nam
1014 2796 1212 2878 ‘propinquis'

201 2892 242 2950 ad
270 2889 439 2967 Crispinum
470 2890 574 2948 referri
605 2890 722 2965 nequit,
746 2910 812 2949 cum
843 2889 895 2947 ifle
927 2908 994 2948 cum
1021 2889 1119 2949 Statio
1152 2910 1212 2950 non

199 2980 294 3039 fuerit
316 2979 488 3039 coniunctus
511 2978 745 3054 propinquitate.

268 3069 297 3125 V
316 3069 346 3143 5,
365 3069 405 3127 67
430 3069 520 3143 paulo
542 3067 637 3126 frisius
655 3066 770 3126 Krohni
793 3067 949 3144 sententia,
968 3067 1038 3126 licet
1061 3067 1133 3126 mihi
1156 3068 1212 3126 mi·

200 3159 281 3216 nime
304 3157 449 3232 adsideat,
471 3156 644 3232 exponenda
667 3158 712 3215 est
735 3175 824 3231 quam
847 3156 879 3214 in
897 3156 1089 3217 adnotatione
1107 3157 1212 3217 critica

76 3299 78 3305 ,
200 3247 266 3305 fieri
292 3246 399 3322 potuit.
445 3246 580 3306 aedituos
607 3245 655 3305 vel
683 3245 818 3303 aedituas
845 3244 991 3320 explicare
1024 3249 1149 3305 conatur
1176 3265 1211 3304 eo

202 3336 281 3411 quod
310 3335 400 3394 huius
427 3335 542 3413 generis
569 3334 703 3395 homines
730 3352 846 3392 summa
876 3335 989 3393 fuerint
1019 3334 1211 3410 loquacitate.

201 3442 251 3483 eos
274 3425 352 3483 enim
375 3424 542 3500 hospitibus
566 3423 706 3499 quicquid
728 3422 761 3481 in
784 3441 902 3499 quaque
924 3423 997 3482 urbe
1019 3422 1211 3482 memorabile

201 3515 299 3572 exstat
321 3513 539 3572 monstravisse.

274 3701 300 3770 1)
319 3699 337 3754 l.
351 3699 369 3753 l.
388 3718 415 3769 p.
432 3705 474 3756 73.
