2925 4192
588 372 772 437 snvnnuu
790 383 820 439 n.
835 384 908 467 vc.
1188 386 1251 448 139

241 551 298 593 ora
320 550 549 614 supergressus
571 528 657 612 Pylii
680 528 789 614 gregis
813 550 931 612 oraque
954 529 1041 615 regis

241 616 385 681 Dulichii
409 616 624 701 speciemque,
647 638 771 680 comam
794 617 958 681 subnexus
980 622 1126 701 utroque.
1200 636 1250 683 111

240 729 307 772 non
328 706 391 769 tibi
415 706 573 769 deformes
595 705 724 769 obscuri
748 705 914 791 sanguinis
938 709 1027 770 ortus

240 818 299 860 nec
318 794 386 859 sine
404 794 475 858 luce
493 816 612 880 genus,
631 815 825 878 quamquam
843 795 972 859 fortuna
991 799 1161 878 parentum

241 883 343 948 artior
365 883 527 967 expensis3
551 882 670 947 etenim
692 886 725 946 te
749 882 847 946 divite
870 882 936 947 ritu

241 993 362 1057 ponere
385 993 565 1055 purpureos
587 970 727 1035 Infantia
749 970 831 1057 legit
854 971 989 1035 amictus

240 1060 352 1145 stirpis
374 1060 495 1124 honore
518 1059 610 1124 datos
633 1064 666 1123 et
687 1059 798 1124 nobile
821 1060 962 1143 pectoris
986 1082 1106 1125 aurum.
1199 1078 1250 1125 120

238 1149 386 1234 protinus
410 1152 522 1213 exorto
546 1149 697 1213 dextrum
720 1147 819 1212 risere
842 1170 967 1213 sorores

241 1237 395 1322 Aonides,
418 1236 574 1321 puerique
595 1238 714 1321 chelyn
738 1237 898 1301 summisit
922 1242 954 1301 et
978 1260 1034 1303 ore

239 1325 358 1389 imbuit
377 1348 469 1390 amne
489 1348 578 1390 sacro
597 1326 662 1390 iam
679 1330 751 1390 tum
770 1326 850 1389 mihi
869 1326 1006 1413 blandus
1024 1325 1153 1411 Apollo.

238 1437 298 1479 neo
321 1414 460 1498 simplex
483 1415 607 1499 patriae
631 1416 741 1501 decus,
764 1418 797 1479 et
818 1414 936 1479 natalis
960 1415 1051 1501 origo

239 1503 360 1588 pendet
383 1506 415 1566 et
438 1503 591 1589 ambiguo
615 1503 762 1589 geminae
785 1504 958 1567 certamine
980 1507 1085 1568 terrae
1199 1522 1249 1569 125

238 1596 271 1655 te
295 1591 333 1654 de
358 1595 455 1677 gente
479 1614 573 1655 suurn
594 1592 697 1656 Latiis
720 1591 821 1657 ascita
844 1591 965 1657 colonis

239 1678 335 1744 Graia
349 1680 447 1743 refert
461 1679 578 1763 Hyele,
592 1680 699 1766 gravis
713 1681 832 1765 <heu!>
846 1703 909 1764 qus
924 1703 1036 1765 puppe
1049 1681 1205 1767 magister

240 1766 360 1832 excidit
383 1771 416 1831 et
438 1768 553 1831 mediis
574 1768 672 1832 miser
695 1768 861 1855 evigilavit
883 1769 918 1832 in
940 1770 1047 1853 undis3

240 1856 343 1920 maior
366 1859 399 1919 at
422 1855 497 1919 inde
520 1877 614 1920 suum
636 1857 735 1942 longo
758 1857 878 1939 probat
901 1857 1011 1921 ordine
1034 1857 1129 1940 vitae

239 1968 1072 2005 **************

237 2033 428 2098 Maeoniden
451 2032 595 2116 aliaeque
618 2032 690 2096 aliis
712 2032 875 2097 natalibus
899 2034 996 2097 urbes
1199 2052 1249 2099 130

238 2121 396 2205 diripiunt
415 2125 610 2205 cunctaeque
629 2122 784 2205 probant3
809 2143 875 2185 non
894 2122 1045 2185 omnibus
1063 2121 1118 2185 ille

237 2234 345 2296 verus,
369 2210 427 2274 alit
450 2209 552 2274 victos
574 2210 723 2275 immanis
746 2210 850 2296 gloria
873 2210 954 2274 falsi.

237 2304 335 2384 atque
358 2299 405 2362 ibi
430 2299 505 2362 dum
527 2299 653 2383 profers
676 2321 777 2363 annos
799 2298 962 2382 vitamque
986 2299 1123 2382 salutas,

237 2388 386 2473 protinus
410 2388 450 2451 ad
472 2387 571 2471 patrii
593 2387 715 2470 raperis
739 2387 912 2451 certamina
934 2387 1028 2451 lustri

236 2478 292 2540 vix
310 2476 473 2559 implenda
495 2476 586 2561 viris,
608 2476 740 2539 laudum
762 2476 899 2541 festinus
922 2480 955 2539 et
979 2476 1082 2539 audax
1197 2495 1247 2541 135

239 2564 369 2649 ingenii.
415 2565 542 2648 stupuit
564 2565 728 2647 primaeva
751 2565 792 2628 ad
814 2564 954 2629 carmine
977 2564 1090 2648 plebes

238 2652 372 2715 Euboea
395 2656 428 2715 et
450 2653 535 2716 natis
557 2657 590 2716 te
613 2658 830 2717 monstravere
853 2657 1012 2736 parentes.

237 2739 311 2803 inde
333 2740 484 2823 frequens
506 2761 634 2824 pugnae
656 2741 811 2823 nulloque
834 2741 972 2826 ingloria
995 2762 1083 2805 sacro

238 2851 300 2892 vox
322 2832 394 2892 tua:
431 2849 497 2891 non
519 2828 638 2892 totiens
661 2828 816 2893 victorem
840 2828 971 2892 Castora
994 2850 1075 2914 gyro

309 3026 361 3075 114
379 3019 454 3089 pilii:
472 3018 551 3087 Lycii
570 3020 685 3075 Vollmer
703 3022 784 3089 olim;
802 3038 840 3074 an
858 3018 959 3089 Pythi?
1013 3020 1119 3091 gregis:
1140 3022 1214 3075 senis
1230 3040 1247 3081 ς

238 3097 289 3146 115
308 3091 497 3161 speciemque:
516 3088 663 3160 specieque
682 3109 696 3144 ο
750 3093 881 3160 utroque:
905 3092 1024 3159 utreque
1044 3110 1057 3145 e
1130 3098 1180 3146 118
1200 3110 1246 3147 ex-

235 3163 330 3233 pensis
349 3164 500 3217 Acontius:
530 3162 651 3215 extensis
723 3165 752 3216 te
771 3165 815 3231 (en
833 3162 857 3215 ri
875 3163 926 3232 111)
1016 3167 1066 3215 113
1086 3163 1169 3227 legit:
1198 3164 1247 3218 ad·

236 3234 296 3305 egit
314 3252 341 3287 e:
360 3232 434 3289 vidit
451 3233 590 3287 Baehrens
644 3232 760 3287 amittes
834 3239 884 3286 122
903 3232 1054 3302 puerique:
1073 3251 1215 3304 pueroque
1230 3252 1247 3294 ς

290 3304 441 3359 summisit:
465 3302 624 3357 summersit
643 3305 786 3359 Krohnins
872 3310 922 3358 125
941 3306 982 3358 et:
1003 3305 1039 3359 ab
1057 3307 1194 3361 Borthe'ns

237 3383 288 3431 126
307 3394 401 3431 suum:
420 3390 472 3429 sua
490 3375 624 3429 Heinsius
696 3380 747 3428 127
766 3374 854 3443 Hyele
873 3376 1019 3432 Heinsius:
1040 3376 1097 3430 sele
1151 3376 1246 3446 gravis

235 3448 291 3502 heu
317 3448 472 3502 Krohnins:
504 3445 611 3515 gravis:
645 3445 744 3500 Troius
767 3447 919 3503 Baehrens:
952 3445 1086 3517 gravidus
1110 3448 1247 3503 Ellise'ns:

236 3517 337 3573 Graius
352 3519 480 3573 Vollmer:
500 3533 603 3586 pronus
618 3518 725 3572 Walter
783 3523 833 3571 129
852 3519 932 3572 nnita
949 3521 980 3572 in
994 3523 1021 3568 11
1039 3519 1150 3585 laeena,
1164 3535 1246 3588 qnam

234 3591 333 3644 statuit
351 3589 534 3644 Marklandns
614 3594 664 3642 132
682 3605 765 3642 verus
785 3588 933 3645 Sehotte'ns:
959 3588 1063 3643 Versus
1141 3588 1245 3644 victos:

236 3660 325 3713 victas
344 3661 486 3715 Bentleius
576 3665 626 3713 133
644 3659 686 3714 ibi
705 3676 734 3718 s:
756 3658 806 3714 ubi
897 3664 947 3713 135
966 3658 1084 3713 festinus
1104 3662 1133 3713 et
1152 3660 1246 3715 audax

235 3731 363 3800 Lepsios:
382 3729 486 3785 festina
505 3731 554 3785 sed
572 3733 604 3785 ut
623 3732 680 3785 dux
