2925 4192
243 347 270 402 X
645 344 851 402 PRAEFATIO

242 499 350 558 melius
378 499 534 576 agnovisse
562 498 715 574 archetypi
743 498 860 558 litteras
895 518 929 558 1ο
956 500 1147 576 perspicitur,
1175 501 1256 576 quod

242 588 351 648 menda
368 590 534 663 rarescunt3
551 587 666 646 ultimis
684 605 755 646 vero
773 587 892 665 paginis
909 607 977 647 cum
995 592 1096 664 aperte
1110 589 1149 648 ad
1164 589 1255 650 finem

242 677 461 754 properaverit,
488 679 615 754 augetur
640 695 780 735 numerus
809 677 1053 753 corruptelarum
1099 679 1151 737 sed
1176 697 1253 755 quae

242 766 347 843 primis
374 764 493 844 paginis
520 764 680 839 commisit,
708 783 744 823 ea
770 784 877 841 parum
906 765 1086 826 familiarem
1113 768 1140 826 ei
1162 767 1253 828 fuisse

243 855 405 915 ostendunt
432 873 519 914 usum
545 854 666 932 linguae
692 852 833 912 Latinae:
864 854 957 914 verba
987 855 1065 916 falso
1097 857 1254 935 contraxit,

241 945 320 1003 falso
343 943 477 1019 secrevit,
498 943 616 1002 litteras
639 942 751 1002 similes
773 943 852 1002 inter
874 961 904 1002 11
928 945 1137 1020 commutavit3
1159 946 1254 1005 veluti

242 1036 414 1094 constanter
426 1033 488 1092 fere
500 1033 534 1091 in
546 1032 645 1108 prima
658 1032 845 1107 praefatione
855 1026 893 1092 ‘s’
902 1033 1023 1110 scripsit
1035 1052 1090 1110 pro
1105 1028 1152 1093 Ψ.
1174 1035 1256 1093 haud

241 1123 345 1200 paucis
363 1122 436 1182 locis
454 1122 572 1182 videtur
589 1122 723 1180 consulto
744 1121 776 1178 iu
795 1121 893 1180 medio
911 1122 1079 1199 reliquisse,
1097 1125 1200 1182 11111111
1218 1118 1255 1182 ‘t’

245 1230 285 1270 an
309 1205 357 1286 (οἳ,
381 1206 419 1270 dr,
442 1231 480 1270 an
504 1205 556 1287 (γ’,
579 1205 622 1268 tn,
651 1229 690 1268 an
713 1204 765 1288 (Π),
789 1205 829 1268 1θῖ
852 1229 891 1268 an
915 1205 966 1286 (οἳ,
989 1205 1040 1270 <012
1064 1231 1102 1271 an
1126 1207 1177 1287 dd),
1201 1207 1255 1270 (m,

243 1318 282 1358 an
297 1295 360 1375 ‘ni’,
376 1294 419 1359 ‘n’
429 1319 467 1359 an
478 1294 526 1358 ‘ti'
535 1300 584 1358 vel
594 1293 642 1357 ‘it’
651 1299 699 1358 vel
714 1300 778 1359 sim.
792 1300 1026 1378 intellegendum
1039 1304 1124 1360 esset.
1151 1301 1255 1360 littera

243 1383 278 1446 ‘i'
290 1390 378 1448 initio
392 1391 474 1449 vocis
488 1389 641 1447 simillima
658 1406 871 1464 nonnunquam
885 1391 931 1448 est
943 1389 1061 1449 litterae
1077 1385 1120 1465 Ψ,
1134 1391 1253 1449 litterae

242 1473 277 1536 ‘i’
291 1496 359 1537 raro
373 1479 498 1537 titulum
512 1469 708 1554 adpinxitll¹,
723 1495 810 1553 saepe
824 1470 869 1537 Μ’
882 1481 961 1538 11111.
982 1499 1017 1537 ex
1029 1479 1076 1538 his
1089 1477 1177 1538 rebus
1186 1496 1254 1556 gra-

240 1568 326 1627 viora
343 1568 462 1626 tantum
479 1567 511 1625 in
530 1570 678 1643 apparatu
695 1567 798 1625 critico
817 1567 928 1642 notavi,
943 1567 1148 1626 similitudinis
1166 1569 1252 1645 signo

242 1659 386 1732 usurpato
399 1656 488 1732 quale
497 1655 701 1715 mathematici
715 1655 855 1714 adhibere
869 1656 974 1715 solent.
989 1656 1170 1732 compendiis
1182 1674 1254 1715 usus
1353 1675 1357 1681 ·
1390 1627 1392 1636 Ι

242 1748 289 1804 111
301 1745 405 1821 paucis
425 1745 564 1804 librarius
579 1746 610 1802 11
623 1744 665 1802 eis
682 1745 858 1821 plerumque
875 1745 1048 1807 tritissimis.
1072 1764 1254 1821 quamquam

240 1834 407 1893 notandum
425 1835 470 1894 est
488 1853 556 1894 eum
572 1835 645 1892 nota
659 1851 679 1902 q
692 1853 752 1893 non
768 1836 804 1892 ut
815 1833 909 1893 ferme
922 1834 1039 1894 librarii
1051 1854 1155 1894 vocem
1169 1835 1254 1909 quod,

241 1922 294 1982 aed
309 1940 375 1996 -que
388 1923 569 1998 particulam
582 1923 758 2000 significare.
771 1922 851 1983 unde
863 1924 896 1982 in
905 1924 1088 2002 apographis
1097 1943 1157 1983 nou
1169 1943 1254 1982 num·

242 2031 333 2087 quam
347 2014 423 2086 qaod
436 2012 548 2090 legitur
560 2013 626 2071 loco
640 2013 806 2088 particulae
820 2031 894 2086 -qaa
917 2015 1072 2088 praeterea
1084 2013 1161 2071 miro
1175 2031 1254 2071 com·

239 2100 349 2176 pendio
378 2102 528 2177 particula
555 2101 617 2161 sive
641 2101 757 2177 syllaba
780 2105 808 2159 11
828 2101 1017 2176 exprimitur,
1040 2102 1123 2161 cuius
1152 2101 1253 2178 plures

241 2189 389 2266 imagines
407 2190 440 2247 in
457 2189 561 2248 tabula
578 2189 817 2266 photographica
840 2194 995 2265 apparent.
1033 2190 1131 2249 utitur
1153 2191 1254 2249 autem

240 2278 337 2336 scriba
360 2297 395 2336 ea
418 2278 549 2355 ligatura
571 2278 602 2335 in
620 2277 770 2353 particula
788 2283 814 2336 et
831 2278 927 2337 decies
945 2279 1007 2338 sive
1026 2278 1129 2338 addito
1148 2284 1176 2338 ct
1191 2282 1254 2338 ium

239 2366 256 2425 I
273 2367 371 2441 prims¹
393 2368 447 2441 13,
469 2366 620 2444 undecies,
644 2366 740 2425 decies
763 2369 794 2425 11
815 2370 862 2426 ter
884 2367 915 2424 in
937 2387 1009 2427 voce
1027 2371 1139 2443 pietus,
1168 2369 1253 2444 quin·

241 2456 325 2531 quies
341 2456 373 2513 in
387 2473 459 2514 voce
473 2457 575 2530 luctas,
585 2458 692 2532 quater
704 2456 737 2514 in
749 2456 855 2515 formis
869 2457 972 2531 quales
987 2459 1057 2516 sunt
1069 2460 1192 2531 quietem
1204 2457 1254 2517 vel

240 2547 366 2619 quietus,
387 2543 434 2602 bis
449 2543 553 2618 'paulo
576 2546 694 2603 mutata
721 2545 825 2604 eadem
848 2545 1005 2604 adhibetur
1032 2546 1071 2605 ad
1100 2545 1254 2623 praeposi·

239 2633 354 2691 tionem
386 2650 419 2692 aa
451 2633 689 2710 significandam:
712 2633 727 2691 I
749 2635 847 2708 praefi
867 2636 906 2692 41
934 2636 964 2693 11
981 2633 1010 2691 V
1025 2637 1054 2709 5,
1070 2636 1125 2710 593
1157 2635 1254 2695 decies

238 2720 404 2798 praeterea*
416 2722 536 2798 passim.
582 2725 672 2798 atque
694 2723 819 2798 praebet
840 2742 907 2781 eam
929 2724 1022 2783 codex

307 2811 339 2870 in
356 2813 455 2886 praef.
483 2811 507 2870 I.
553 2815 659 2887 quater
682 2815 712 2870 et
735 2811 832 2872 decies
873 2815 878 2832 '
947 2872 949 2875 .

362 2902 435 2960 libro
482 2900 505 2960 Ι.
552 2901 708 2978 quinquies

362 2990 434 3048 thro
468 2990 507 3047 H.
553 2989 710 3066 quinquies

364 3078 436 3136 libro
456 3078 511 3136 III.
558 3080 666 3156 septies

363 3168 436 3226 libro
474 3165 510 3224 V.
557 3170 715 3244 quateret
738 3168 834 3228 decies
853 3201 896 3210 -
915 3189 951 3228 111
974 3188 1034 3244 quo
1052 3186 1175 3227 numero
1198 3187 1251 3227 no·

239 3255 304 3315 vies
330 3253 363 3314 in
385 3275 456 3316 voce
474 3259 584 3335 pictos,
607 3257 653 3316 bis
675 3258 708 3315 in
729 3261 863 3336 quietare,
891 3257 981 3317 semel
1008 3259 1040 3316 in
1063 3263 1102 3333 ct,
1124 3258 1197 3316 item
1219 3258 1252 3315 in

240 3345 333 3404 111111
356 3347 387 3404 11
409 3363 517 3419 corpere.

308 3453 344 3493 ex
371 3434 418 3493 his
448 3433 577 3493 numeris
604 3433 636 3492 id
662 3436 736 3509 puto
767 3435 840 3494 licet
870 3435 1044 3494 concludere
1070 3455 1131 3495 non
1157 3435 1252 3512 ipsius

239 3521 356 3581 librarii
377 3523 532 3600 propriam
554 3542 616 3584 esse
638 3523 716 3582 hanc
743 3523 918 3603 ligaturam,
946 3524 997 3584 sed
1025 3523 1062 3583 ab
1090 3525 1252 3600 exemplari

239 3611 427 3671 translatam.
1074 3661 1076 3665 .

308 3700 369 3760 alia
386 3700 518 3779 ligatura
532 3701 605 3761 satis
623 3701 700 3759 mira
718 3701 815 3761 utitur
833 3702 925 3761 etiam
943 3702 982 3760 ad
999 3702 1118 3761 litteras
1132 3707 1188 3762 eet
1202 3722 1253 3760 ex-
