2925 4192
522 1032 889 1111 RPAPINISTATH

454 1177 968 1261 SILVARUM

567 1351 805 1418 ,annun

408 1597 556 1653 suiuus
574 1597 727 1653 MELIORI
744 1598 812 1653 SUO
832 1596 1009 1653 SALUTEM.

270 1724 316 1790 Ilt
346 1724 548 1789 familiaritas
585 1730 696 1790 nostra
732 1748 795 1809 qua
833 1725 969 1811 gaudeo,
1001 1724 1131 1808 Melior,
1162 1725 1212 1811 vir
1248 1742 1264 1790 5

205 1812 328 1899 optime
350 1835 410 1878 nec
431 1812 538 1877 minus
561 1811 595 1877 in
617 1812 733 1877 iudicio
756 1812 937 1877 litterarum
957 1835 1053 1898 quam
1072 1813 1212 1878 inomni

206 1902 291 1967 vitae
314 1902 420 1967 colore
442 1899 626 1985 tersissime,
649 1905 681 1966 et
704 1901 776 1984 ipsa
798 1901 1027 1985 opusculorum
1050 1923 1131 1986 quae
1150 1901 1212 1967 tibi

204 1991 297 2056 trado
321 1989 464 2055 condicio
488 1988 534 2054 sic
560 1987 667 2074 posita
693 1993 743 2054 est
766 1992 803 2054 ut
826 1992 915 2053 totus
937 1989 990 2053 hio
1013 1990 1053 2054 ad
1075 1993 1107 2052 te
1129 1988 1213 2053 liber
1330 2006 1335 2015 ·

206 2101 297 2144 meus
320 2078 417 2143 etiarn
441 2077 509 2142 sine
532 2077 670 2162 epistola
689 2081 821 2162 spectet.
852 2076 992 2161 primum
1011 2076 1096 2142 enim
1114 2077 1211 2142 habet

206 2166 372 2233 Glauciam
393 2170 550 2252 nostrum,
563 2166 653 2231 cuius
667 2165 883 2253 gratissimam
897 2164 1074 2251 infantiam,
1089 2169 1121 2230 et
1136 2187 1212 2251 qua·
1232 2184 1265 2231 1o

205 2256 269 2321 lem
287 2256 475 2341 plerumque
498 2253 641 2320 infelices
659 2255 847 2339 sortiuntur,
869 2253 955 2339 apud
973 2257 1007 2318 te
1028 2254 1213 2339 complexus

205 2344 362 2410 amabam.
380 2344 444 2409 iam
453 2366 519 2409 non
528 2344 590 2409 tibi
599 2367 731 2407 *sees*
740 2343 836 2409 huius
847 2342 956 2407 amissi
967 2364 1076 2407 recens
1089 2344 1213 2428 vulnus,

205 2436 243 2498 ut
270 2433 346 2520 scis,
374 2432 515 2518 epicedio
539 2437 728 2518 prosecutus
751 2454 821 2498 sum
838 2433 922 2496 'adeo
946 2430 1149 2517 festinanter,
1177 2436 1213 2497 ut

206 2522 420 2587 excusandam
442 2522 610 2586 habuerim
632 2522 800 2588 affectibus
822 2520 888 2585 tuis
910 2520 1114 2585 celeritatem.
1154 2542 1213 2585 neo

205 2632 291 2675 nunc
314 2632 385 2674 eam
407 2611 492 2695 apud
514 2614 547 2674 te
569 2610 668 2697 iacto,
696 2610 751 2695 qui
773 2609 873 2693 nosti,
896 2609 952 2674 sed
975 2613 1007 2673 et
1030 2608 1144 2674 ceteris
1167 2608 1212 2673 in-
1232 2625 1265 2674 15

206 2697 289 2783 dico,
320 2720 362 2762 ne
394 2697 466 2780 quis
497 2698 656 2782 asperiore
686 2698 765 2763 lima
791 2719 918 2763 carmen
946 2697 1107 2761 examinet
1135 2701 1168 2762 et
1195 2722 1213 2762 a

206 2786 339 2850 confuso
363 2785 517 2870 scripturn
540 2790 573 2849 et
596 2786 864 2870 dolenti‘datum,
887 2808 959 2849 cum
982 2808 1083 2869 paene
1107 2808 1213 2870 super-

205 2894 306 2939 vacua
328 2873 395 2937 sint
420 2873 512 2937 tarda
537 2873 663 2938 solacia.
710 2874 796 2939 Polli
824 2873 888 2937 mei
919 2872 996 2937 villa
1025 2873 1212 2938 Surrentina

207 2984 288 3047 quae
307 2960 461 3045 sequitur,
480 2960 591 3025 debuit
609 2984 628 3025 a
646 2984 697 3026 me
714 2962 767 3026 vel
785 2962 819 3026 in
836 2962 991 3025 honorem
1011 2958 1212 3046 eloquentiae

206 3051 275 3115 eius
303 3049 489 3136 diligentius
512 3049 587 3133 dici,
614 3050 670 3115 sed
692 3049 812 3115 amicus
834 3050 968 3136 ignovit.
1009 3050 1043 3114 in
1066 3050 1211 3116 arborem
1230 3069 1266 3117 ao

205 3143 292 3205 certe
309 3143 408 3223 tuam,
425 3138 549 3224 Melior,
568 3142 601 3202 et
621 3138 796 3222 psittacum
828 3138 890 3204 scis
909 3162 927 3203 a
944 3161 995 3204 me
1015 3138 1101 3203 leves
1122 3136 1212 3204 libel·

276 3314 349 3367 8ad
366 3316 396 3368 te
420 3314 548 3369 Vollmer:
577 3313 666 3369 altaez
694 3312 802 3373 alters
910 3316 1053 3384 aspectet
1071 3313 1212 3369 Baehrens

205 3386 265 3467 (qui
291 3384 329 3439 ad
355 3386 384 3439 te
410 3386 455 3440 bic
481 3386 621 3453 immid:
654 3385 783 3453 expectet
856 3390 888 3439 10
907 3384 1097 3456 gradesimam
1119 3384 1212 3439 infan-

205 3458 276 3509 tiam
294 3471 324 3515 ςε
347 3454 510 3525 ffatiasima
527 3454 650 3509 infantia
735 3460 768 3508 12
783 3454 922 3526 postiam
938 3472 994 3510 non
1012 3454 1067 3510 tibi
1085 3458 1212 3511 locuaum

204 3528 303 3582 notui:
331 3525 424 3581 iamne
441 3526 496 3581 tibi
514 3528 670 3583 Krobaiuo:
698 3525 756 3580 iam
772 3543 843 3581 vero
857 3526 947 3587 tibia¹
1044 3526 1108 3580 151
1129 3526 1211 3581 udico

205 3600 236 3666 (n
252 3614 339 3666 supra
357 3616 375 3650 u
392 3615 443 3653 aer.
462 3598 513 3668 Μ’)
573 3621 576 3628 ·
612 3603 644 3652 16
663 3596 861 3668 nequisnequis
880 3598 1006 3668 (alterum
1023 3598 1074 3652 dcl.
1092 3598 1142 3668 11¹)

206 3672 240 3721 18
258 3683 342 3737 super
358 3685 449 3722 vacua
547 3675 578 3722 19
597 3668 730 3723 honorem
750 3685 778 3729 ςι
796 3668 901 3723 honore
1008 3672 1040 3721 21
1059 3668 1212 3737 psittacum

205 3739 302 3808 (pam
318 3740 332 3792 c
348 3740 399 3793 aaz.
418 3738 468 3808 nv)

259 3836 344 3876 Srarn
358 3836 456 3878 vau.
1038 3832 1053 3879 3
