2925 4192
617 355 821 412 PRAEFATIO
1124 357 1224 414 LXXV

206 546 209 556 ,
277 505 338 566 iam
357 499 393 567 ut
409 507 445 566 de
466 509 611 567 exteriore
629 507 726 567 forma
744 502 898 568 codIcisX
915 511 1045 584 primum
1063 510 1135 585 quid
1154 511 1223 570 sciri

201 614 297 674 posse
315 598 454 657 videatur
473 596 614 672 dicamus,
627 597 777 656 Krolmius
796 599 913 656 circiter
932 598 1130 677 quadragenis
1149 618 1222 676 qua·

200 687 303 751 ternis
328 684 463 746 versibus
489 687 616 764 paginas
644 687 708 745 eius
736 687 919 762 conscriptas
945 687 1037 746 firisse
1063 690 1221 765 perspexit.

200 775 239 833 id
264 775 344 851 quod
365 793 420 852 pro
443 775 523 834 certo
543 774 670 834 efficitur
692 792 727 832 ex
749 777 822 833 nota
839 777 1000 854 marginali
1018 775 1057 835 ad
1075 776 1119 834 IV
1134 779 1164 853 3,
1180 778 1220 836 78

84 861 85 864 ’
203 867 239 922 et
260 866 300 923 79
325 864 437 938 addIta,
461 882 536 939 quae
560 863 598 922 ad
620 883 648 922 v.
668 864 708 922 35
732 863 887 923 referenda
906 866 964 923 est:
988 863 1068 940 quod
1089 864 1133 924 ibi
1154 885 1221 941 per·

203 971 314 1029 peram
331 955 363 1011 in
381 954 466 1011 textu
484 953 595 1031 legitur
609 946 720 1025 ‘Rapit'
738 954 768 1011 h.
782 973 807 1012 e.
825 953 955 1028 Reperit,
970 955 1131 1031 corrigitur
1148 973 1220 1014 voce

204 1036 324 1118 *Repit'
352 1041 511 1118 adscripta.
562 1041 639 1100 unde
672 1041 817 1101 conclusit
847 1039 997 1102 Krohnius
1025 1043 1099 1102 duas
1130 1043 1222 1102 brisso

203 1131 239 1188 in
267 1130 321 1189 illo
343 1130 420 1190 libro
439 1130 599 1190 columnas.
636 1130 668 1189 id
683 1131 763 1206 quod
778 1131 966 1190 verissimum
984 1133 1030 1191 est
1046 1133 1079 1190 in
1097 1132 1139 1191 eis
1158 1150 1221 1191 car·

203 1219 347 1296 minibus²
362 1239 438 1296 quae
451 1218 705 1295 hendecasyllabis
720 1221 887 1296 conscripta
900 1222 977 1279 sunt.
1000 1221 1052 1279 sed
1067 1220 1102 1279 de
1115 1222 1221 1279 ceteris

84 1339 85 1342 ¹
205 1308 281 1367 licet
302 1308 382 1367 idem
404 1310 445 1368 sit
462 1308 526 1368 veri
549 1307 742 1386 simillimum,
761 1312 874 1367 certum
895 1309 1039 1368 iudicium
1061 1309 1138 1368 ferre
1161 1327 1221 1367 non

205 1399 313 1456 ausim.
350 1417 420 1456 nam
444 1415 520 1473 quae
537 1397 687 1456 Krobnius
710 1399 838 1474 protubt
860 1397 1003 1474 exempla,
1026 1398 1062 1456 de
1086 1399 1127 1457 eis
1150 1398 1222 1456 licet

84 1489 85 1492 ’
205 1485 354 1545 dubitare.
400 1486 428 1544 V
449 1489 477 1562 1,
492 1489 532 1546 81
561 1505 615 1562 pro
644 1487 774 1564 genuina
800 1487 927 1546 lectione
951 1481 1074 1546 ‘auster’
1097 1489 1129 1545 in
1152 1505 1220 1546 con·

84 1643 85 1658 Σ
204 1577 323 1633 textum
345 1576 472 1650 inrepsit
489 1568 610 1634 ‘arctos'
629 1574 708 1650 quod
725 1577 826 1634 versui
846 1579 908 1634 127
928 1575 1111 1652 adscriptum
1128 1577 1220 1635 fuisse

206 1656 449 1723 inXKrohnius
472 1663 511 1722 ad
533 1664 690 1722 lectionem
709 1658 832 1724 ‘arctus'
856 1665 1078 1724 emendandam.
1111 1665 1164 1724 sed
1186 1669 1220 1724 ut

203 1753 272 1829 ipse
295 1753 380 1828 ridu't,
402 1754 435 1810 in
457 1746 487 1812 ll
509 1752 553 1810 ibi
575 1747 696 1811 ‘arctos'
720 1749 826 1829 eistat,
848 1753 893 1812 ita
915 1755 950 1811 ut
973 1754 1044 1830 quid
1067 1755 1124 1813 sibi
1146 1755 1220 1815 velit

206 1843 352 1900 correctio
382 1860 442 1901 non
471 1841 592 1915 liqueat.
641 1840 754 1899 accedit
784 1839 864 1916 quod
892 1861 920 1901 v.
937 1840 966 1897 V
987 1843 1014 1916 1,
1030 1843 1160 1901 82-84
1187 1844 1220 1903 in

206 1929 267 1988 fine
291 1931 479 2008 gravissimis*
498 1929 612 1988 mendIs
634 1928 781 1987 laborant
823 1928 1015 2004 quamobrem
1037 1932 1219 1990 verisimile

208 2020 255 2076 cst
273 2018 381 2078 damno
401 2020 552 2093 exteriore,
567 2020 602 2076 ut
619 2019 663 2076 ita
682 2017 788 2093 dicam,
802 2016 905 2076 eodem
923 2036 982 2092 quo
995 2017 1024 2074 V
1040 2021 1068 2094 1,
1079 2020 1219 2095 82-84,

84 2105 85 2114 ²
207 2110 381 2183 corruptum
404 2127 465 2168 esse
488 2107 577 2165 finem
598 2124 701 2166 versus
725 2107 781 2183 81,
805 2125 895 2182 quam
921 2107 1022 2184 glossa
1050 2109 1083 2166 in
1105 2110 1219 2167 textum

84 2265 85 2270 η
207 2196 334 2272 inlapsa.
367 2199 546 2256 nontamen
563 2195 682 2256 videtur
700 2214 763 2255 esse
780 2196 1078 2272 praetermittendum
1095 2197 1219 2256 titulum

207 2285 314 2343 ultimo
337 2286 420 2344 tertii
442 2284 513 2344 libri
531 2287 659 2344 carmine
679 2285 814 2344 additum
833 2303 895 2344 esse
912 2304 1068 2362 perperam
1087 2303 1106 2344 a
1123 2285 1219 2344 rubri-

207 2377 307 2432 catore
330 2373 402 2432 VIA
425 2371 655 2433 DOMITIANA
676 2373 708 2432 id
732 2373 812 2449 quod
833 2374 952 2433 facilius
974 2373 1039 2433 fieri
1060 2375 1169 2451 potuit,
1192 2375 1219 2434 si

208 2463 366 2538 utrumque
394 2481 512 2522 carmen
539 2462 577 2522 ab
606 2463 707 2522 eodem
739 2463 800 2520 fere
832 2464 959 2540 paginae
982 2463 1061 2538 loco,
1088 2482 1112 2523 e.
1128 2483 1156 2541 g.
1180 2462 1217 2522 ab

207 2551 294 2610 initio
311 2552 441 2629 paginae
460 2552 618 2612 cuiuslibet
635 2551 814 2610 ordiebatur.
837 2552 908 2610 sunt
925 2553 1026 2610 autem
1043 2553 1123 2611 inter
1139 2552 1216 2611 1115

209 2642 239 2697 et
260 2638 304 2698 IV
323 2642 341 2698 3
365 2659 467 2701 versus
490 2642 607 2700 circiter
630 2641 693 2698 278
709 2641 880 2698 -certum
897 2657 1053 2698 numerum
1069 2658 1130 2698 non
1147 2641 1218 2699 licet

208 2729 347 2805 proferre,
363 2731 504 2804 quoniam
522 2732 597 2805 quot
608 2747 747 2788 versuum
759 2728 908 2804 praefatio
925 2729 1025 2803 quarti
1038 2728 1109 2786 libri
1126 2729 1218 2787 fuerit

208 2818 377 2877 coniectura
399 2819 519 2876 tantum
541 2817 668 2876 inveniri
690 2819 852 2894 potest-
874 2817 903 2874 h.
918 2836 942 2876 e.
964 2818 1026 2876 tria
1047 2817 1122 2876 folia
1145 2836 1217 2893 qua·

208 2905 347 2984 dragonis
374 2906 452 2965 sonis
479 2907 511 2965 in
539 2923 655 2982 quaque
677 2906 792 2983 pagina
812 2905 947 2965 versibus
969 2905 1095 2981 scriptis.
1141 2905 1217 2966 adde

208 2996 287 3070 quod
304 2997 463 3071 utrumque
486 3013 604 3055 carmen
626 3012 697 3054 uoce
721 2993 795 3068 Quas
816 2994 931 3070 incipit.
968 2995 1020 3054 sed
1038 3013 1098 3053 non
1115 3014 1216 3072 premo

209 3084 282 3143 talia
303 3085 372 3160 post
394 3085 591 3144 certissimum
617 3085 834 3162 argumentum.
880 3082 987 3158 quibus
1010 3085 1217 3161 1111111111.-

208 3175 288 3232 terea
311 3172 349 3232 ad
376 3174 452 3232 banc
479 3174 660 3232 sententiam
685 3172 947 3232 demonstrandam
969 3171 1119 3232 Krohnius
1146 3193 1217 3233 usus

208 3263 252 3329 est
274 3263 431 3338 exemplis,
450 3281 485 3320 ea
507 3263 611 3338 utpote
634 3261 731 3336 minus
755 3263 837 3320 certa
858 3264 986 3321 transeo.
1022 3262 1124 3338 itaque
1146 3263 1217 3323 licet

209 3350 322 3426 possint
344 3353 436 3410 etiam
457 3351 642 3412 heroicorum
659 3368 799 3410 versuum
816 3351 949 3410 carmina
970 3351 1049 3412 binis
1071 3352 1216 3412 columnis

210 3439 317 3516 scripta
348 3440 439 3500 fuisse
462 3472 506 3481 -
529 3444 619 3516 atque
650 3438 826 3517 magnitudo
858 3440 967 3500 codicis
994 3433 1025 3499 X
1057 3441 1217 3501 admodum

209 3528 321 3605 faveret
347 3528 416 3589 hnic
444 3529 579 3606 opinioni
598 3560 639 3568 —
658 3546 712 3605 pro
736 3530 817 3589 certo
839 3529 897 3588 hoc
919 3531 1038 3588 tantum
1056 3529 1216 3589 contendo:

210 3617 244 3674 iu
270 3617 390 3676 codice
417 3610 449 3688 X
476 3619 627 3694 scriptos
659 3615 772 3676 fuisse
806 3618 1057 3694 quadragenos
1088 3619 1216 3692 quinos

211 3705 282 3764 iere
313 3711 436 3766 versus
467 3707 504 3766 in
537 3725 675 3783 quaque
712 3707 860 3784 pagina,
891 3704 1216 3780 hendecasyllabos
