2925 4192
245 371 357 435 'LXXIV
647 376 852 434 PRAEFATIO

242 532 320 592 oimo
344 531 404 590 fere
424 529 542 590 saeculo
560 529 722 588 utebantur
740 528 865 606 cognovi
884 529 915 586 et
935 527 1012 586 libro
1031 526 1095 602 ipso
1118 527 1254 602 inspecto

244 623 275 680 et
292 638 352 679 uno
370 619 443 679 folio
461 619 695 696 photograpbice
710 636 838 677 excusso.
866 616 973 676 scimus
988 618 1088 675 autem
1107 618 1137 675 et
1154 616 1253 692 ipsum

241 710 390 788 Poggium
412 708 516 767 littera
534 708 658 784 antiqua
683 708 833 766 assuetum
855 705 959 780 fuisse,
977 704 1060 764 cuius
1083 696 1252 765 etiamnunc

241 799 331 876 plura
352 799 471 856 exstant
496 799 688 856 monumenta
719 795 757 854 ab
789 813 823 853 eo
854 795 1051 871 pulcherrime
1083 795 1194 869 scripta
1221 795 1253 852 et

241 888 333 947 fuisse
356 887 383 946 ei
407 904 624 961 amanuensem,
648 904 736 960 quem
757 882 884 943 scribere
906 883 1009 942 littera
1031 884 1156 958 antiqua
1179 883 1207 941 b.
1226 900 1251 941 e.

242 975 409 1036 minuscula
431 975 486 1034 illa
510 973 625 1034 Gallica
647 974 827 1032 instituerat
873 972 909 1032 cf.
934 974 1019 1048 epist.
1038 971 1070 1030 H
1089 974 1139 1030 27.
1163 969 1197 1030 0.
1216 969 1252 1028 ll.

242 1064 391 1140 Schmidt,
422 1062 499 1123 Gian
526 1064 687 1122 Francesco
711 1061 827 1139 Poggio
855 1061 1035 1120 Bracciolini
1062 1060 1202 1119 zeitschr.
1231 1060 1252 1119 f.

242 1155 361 1232 allgem.
377 1151 479 1212 Gesch.
490 1153 583 1211 1886.
597 1172 626 1229 p.
637 1146 701 1209 415
717 1149 910 1225 quamobrem
923 1152 964 1210 sic
978 1149 1120 1209 facillime
1131 1169 1195 1208 rem
1207 1149 1252 1206 in·

242 1244 383 1302 tricatam
397 1241 617 1317 explicabimus,
631 1242 666 1298 ut
678 1240 862 1298 Politianum
882 1238 1014 1298 codicem
1027 1236 1144 1298 Gallica
1161 1255 1253 1315 manu

243 1333 400 1408 scriptum,
427 1331 553 1389 fortasse
581 1349 617 1388 ex
643 1330 738 1404 ipsius
760 1327 857 1406 Poggi
880 1327 998 1387 officina
1019 1326 1186 1404 proiectum
1208 1357 1253 1366 —-

242 1439 313 1478 nam
328 1419 425 1478 Silvas
439 1418 587 1496 Poggium
603 1418 702 1494 ipsum
720 1419 941 1493 transcripsisse
959 1435 1019 1476 non
1037 1415 1132 1474 tradit
1139 1414 1253 1492 Vespa-

243 1511 343 1568 sianus
367 1506 486 1566 Strozza
509 1499 559 1587 (cf.
583 1506 619 1566 b
637 1506 712 1581 Mai,
737 1504 837 1583 Spicil.
860 1506 984 1565 Roman.
1007 1505 1023 1563 Ι
1044 1524 1073 1580 p.
1093 1496 1172 1586 548)
1201 1505 1254 1579 qni

242 1598 274 1655 in
296 1597 365 1672 plus
387 1614 447 1653 uno
470 1598 590 1654 auctore
617 1596 673 1655 hoo
701 1595 827 1654 adnotat
849 1627 892 1636 -
913 1613 969 1671 pro
992 1594 1153 1670 exemplari
1175 1591 1253 1670 Pog-

242 1686 331 1763 giano
349 1683 487 1744 habuisse
506 1686 681 1743 statuamus.
705 1683 757 1742 sed
774 1685 844 1742 utut
862 1685 916 1762 est,
933 1686 1031 1742 totam
1049 1683 1254 1758 quaestionem

241 1774 369 1851 pendere
393 1794 427 1832 ex
449 1794 478 1833 v.
500 1773 517 1831 Ι
535 1777 564 1852 4,
580 1774 637 1833 86⁸
658 1773 746 1833 facile
769 1773 918 1832 concedes.

384 2021 403 2098 ξ
422 2024 452 2081 4.
497 2022 551 2081 Du
575 2020 845 2081 MATRITENSIS
868 2019 1109 2079 EXEMPLARL

242 2240 245 2247 Ι
308 2164 514 2223 Matritensem
532 2162 642 2222 librum
659 2182 719 2222 non
737 2164 835 2222 solum
848 2181 1032 2222 communem
1050 2162 1163 2220 fontem
1177 2163 1254 2220 oete-

242 2272 344 2312 rorum
366 2253 500 2311 codicum
522 2270 599 2326 esse,
622 2251 674 2310 sed
695 2253 794 2328 ipsum
817 2251 967 2328 exemplar
992 2250 1025 2308 in
1047 2250 1145 2328 Poggi
1166 2268 1254 2325 usum

242 2342 455 2416 sansonpcum
478 2341 679 2418 cognovimus.
725 2343 815 2416 atque
838 2358 905 2398 cnm
931 2340 964 2396 in
987 2358 1020 2398 eo
1044 2341 1165 2398 unicum
1187 2339 1252 2396 fun-

242 2430 414 2488 damentum
427 2430 526 2487 textus
540 2429 739 2487 constituendi
758 2431 798 2488 sit
815 2430 946 2505 positum
956 2429 1129 2504 —excepto
1147 2447 1253 2503 nempe

241 2514 273 2578 Π
294 2521 321 2592 7,
354 2535 412 2593 quo
445 2517 613 2592 antiquiore
645 2516 721 2575 libro
754 2512 778 2577 b
810 2518 856 2575 uti
887 2517 958 2575 licet
980 2517 1130 2593 -quale
1161 2516 1254 2575 buerit

241 2605 394 2689 exemplar
412 2597 480 2687 (X),
499 2606 576 2665 unde
595 2605 747 2665 descendit
759 2606 953 2682 Matritensis,
968 2624 1152 2682 quaeramus.
1180 2603 1253 2663 San·

242 2695 405 2774 gallensem
422 2695 500 2753 hunc
519 2693 649 2754 codicem
666 2695 757 2773 vulgo
776 2697 959 2754 vocaverunt
975 2696 1034 2754 viri
1053 2694 1141 2769 docti,
1160 2693 1253 2752 donec

241 2784 390 2844 Krobnius
413 2785 530 2844 monuit
552 2783 588 2842 de
611 2785 667 2843 boc
688 2785 808 2843 nomine
831 2785 1035 2844 testimonium
1054 2787 1168 2842 exstare
1186 2782 1252 2840 nul-

241 2875 311 2934 lum.
344 2892 414 2932 nam
428 2892 464 2933 ex
476 2872 579 2932 Valeri
592 2874 692 2932 Flacci
705 2873 921 2949 subscriptione
939 2873 1015 2931 nihil
1032 2873 1109 2930 lucri
1126 2872 1252 2946 capitur,

241 2981 309 3022 cum
327 2963 405 3021 bunc
423 2981 483 3020 una
501 2981 568 3021 cum
581 2961 710 3021 Asconio
729 2981 789 3022 non
804 2962 907 3021 eodem
923 2964 1056 3039 tempore
1072 2978 1130 3036 quo
1145 2958 1252 3018 Silium

242 3050 340 3116 Silvas
363 3051 521 3109 Manilium
547 3052 694 3110 invenerit
715 3043 888 3133 Poggius1)
933 3070 1028 3127 neque
1056 3050 1152 3108 ullum
1174 3037 1253 3106 'mihi

240 3140 374 3198 innotuit
404 3139 620 3215 testimonium,
644 3158 702 3215 quo
734 3141 788 3199 hos
821 3158 937 3215 quoque
964 3142 1068 3217 poetas
1090 3141 1123 3198 in
1150 3156 1252 3198 mona-

241 3228 332 3287 sterio
360 3225 462 3286 Sancti
486 3225 567 3286 Galli
593 3230 726 3304 reperies
754 3246 816 3287 esse
845 3220 1103 3309 demonstretur.¹)
1149 3245 1251 3302 qnam-

242 3316 343 3375 obrem
366 3316 400 3374 de
424 3315 489 3374 loco
514 3317 718 3391 quaestionem
741 3335 931 3393 seponamus3
958 3317 995 3376 de
1021 3319 1154 3393 tempore
1177 3316 1252 3374 satis

241 3407 439 3481 constatque
455 3402 555 3464 Silvae
574 3424 641 3464 cum
661 3405 735 3464 Silio
749 3406 932 3482 Manilioque
945 3405 1006 3466 luci
1023 3408 1093 3465 sunt
1108 3404 1251 3463 redditae.

241 3524 454 3535 ——n--u--a—-n

312 3594 338 3662 1)
358 3591 392 3646 cf.
413 3589 496 3646 Clark
514 3593 532 3648 l.
552 3590 570 3647 l.
590 3609 617 3661 p.
634 3597 693 3646 129.

312 3663 339 3734 2)
357 3679 424 3717 nam
441 3662 545 3718 Asconi
562 3662 718 3718 Florentini
737 3661 841 3717 codicis
860 3661 1028 3732 subscriptio
1046 3661 1119 3717 nihil
1136 3660 1220 3716 valet.

242 3733 275 3788 ef.
295 3733 452 3788 Krohnium
470 3750 513 3804 ap.
534 3733 706 3788 Vollmernm
724 3750 751 3803 p.
767 3739 809 3788 41.
