2925 4192
258 354 321 419 108
607 355 638 409 -Ρ,
657 353 781 407 1111111
800 353 917 408 sanun

256 538 259 541 ·
364 499 421 564 sed
443 522 518 564 rura
541 499 628 563 cordi
652 498 781 583 saepius
804 502 837 563 et
861 498 960 582 quies,

362 610 448 653 nunc
471 588 506 652 in
528 587 672 672 paternis
695 587 826 652 sedibus
849 591 882 652 et
904 588 973 652 solo
1050 606 1052 611 ·
1151 606 1153 611 ’

407 677 557 760 Veiente,
579 698 665 741 nunc
687 676 839 742 frondosa
862 698 959 760 supra

454 765 607 849 Hernica,
629 787 715 829 nunc
738 764 877 829 Curibus
899 764 1045 830 vetustis.

365 908 419 972 hic
440 909 534 992 plura
556 929 658 992 pones
680 906 815 971 vocibus
839 910 871 970 et
894 906 998 972 modis

364 996 485 1079 passim
508 995 637 1081 solutis,
660 996 717 1060 sed
739 1017 863 1060 memor
884 994 1016 1060 interim

408 1085 514 1150 nostri
535 1084 715 1150 verecundo
737 1083 894 1149 latentem

453 1173 606 1239 barbiton
629 1173 795 1259 ingemina
817 1173 878 1238 sub
902 1178 1004 1238 antro.
1237 1190 1273 1237 oo

736 1403 790 1469 VI.

387 1542 962 1616 333331333333133113311311
980 1540 1145 1599 1131111313.

325 1672 423 1736 Forte
447 1670 666 1736 remittentem
690 1692 783 1734 curas
799 1669 998 1755 Phoeboque
1020 1670 1163 1749 levatum

262 1765 408 1845 pectora,
427 1783 500 1825 cum
519 1758 641 1844 patulis
660 1764 798 1823 tererem
815 1780 917 1845 vagus
936 1759 1002 1824 otia
1020 1758 1149 1845 Saeptis

261 1850 326 1913 iam
349 1849 506 1914 moriente
529 1848 594 1932 die,
616 1847 726 1933 rapuit
748 1870 800 1912 me
824 1870 902 1912 3333
924 1847 1058 1934 benigni
1107 1881 1111 1891 ·

259 1938 413 2003 Vindicis.
458 1938 537 2002 haec
559 1937 642 2002 imos
664 1937 764 2001 animi
788 1936 938 2021 perlapsa
959 1959 1103 2002 recessus

260 2028 486 2112 inconsumpta
503 2031 621 2091 manet.
657 2047 763 2109 neque
782 2026 868 2090 enim
885 2026 1027 2091 ludibria
1044 2024 1167 2091 ventris
1257 2044 1274 2090 5

259 2116 427 2181 hausimus
448 2119 506 2180 aut
528 2116 639 2199 epulas
661 2115 787 2179 diverso
811 2137 830 2178 a
852 2115 920 2181 sole
943 2115 1063 2199 petitas

259 2204 399 2288 vinaque
422 2204 591 2288 perpetuis
613 2226 692 2269 aevo
715 2204 873 2267 certantia
895 2204 996 2268 fastis.

260 2316 279 2356 a
302 2293 424 2357 miseri!
463 2315 544 2376 quos
566 2313 662 2357 nosse
684 2292 788 2376 iuvat,
811 2291 889 2376 quid
910 2292 1058 2357 Phasidis
1081 2294 1148 2358 ales

260 2381 360 2445 distet
378 2381 418 2445 ab
436 2380 574 2445 hiberna
592 2380 767 2464 Rhodopes
786 2403 875 2466 grue,
894 2381 967 2463 quis
985 2382 1089 2467 magis
1108 2404 1202 2447 anser

261 2475 336 2534 exta
358 2470 455 2552 ferat,
426 2473 535 2533 tour
557 2469 680 2533 Tuscus
703 2491 781 2553 aper
804 2469 990 2556 generosior
1011 2470 1151 2558 Umbro
1240 2487 1274 2535 10

259 2558 385 2623 lubrica
409 2519 481 2644 quia
496 2557 652 2622 recubent
674 2558 844 2642 conchylia
866 2558 996 2623 mollius
1019 2558 1108 2645 alga:

259 2647 355 2713 nobis
378 2669 472 2712 verus
495 2668 585 2711 amor
607 2646 777 2730 medioque
799 2646 955 2712 Helicone
979 2648 1062 2731 petit
1063 2670 1102 2711 us

260 2760 365 2801 sermo
383 2736 593 2819 hilaresque
583 2758 646 2801 1331
637 2736 846 2801 brumalem
864 2736 1032 2801 absumere
1050 2739 1178 2802 noctem

261 2830 430 2890 suasenmt
452 2825 646 2910 mollemque
669 2825 771 2890 oculis
795 2825 955 2908 expellere
978 2848 1138 2909 somnum,
1389 2870 1390 2891 1

261 2916 362 2980 donec
384 2914 426 2979 ab
449 2913 570 2997 Elysiis
593 2914 765 2999 prospexit
788 2913 919 2979 sedibus
942 2914 1023 2979 alter
1239 2931 1273 2979 15
1389 2996 1390 2999 Ἴ

262 3002 375 3068 Castor
398 3006 432 3067 et
453 3003 622 3067 hesternas
643 3003 716 3067 risit
740 3002 892 3067 Tithonia
914 3025 1048 3068 mensas.

260 3115 279 3155 o
303 3092 390 3156 bona
411 3113 476 3155 nox
499 3091 672 3175 iunctaque
695 3091 819 3156 utinam
843 3091 1011 3175 Tirynthia
1033 3091 1122 3156 luna!

259 3202 325 3244 nox
348 3183 381 3243 et
402 3179 593 3263 Erythraeis
615 3180 762 3245 Thetidis
785 3180 942 3267 signanda
963 3180 1085 3265 lapillis

260 3273 294 3332 et
312 3267 517 3383 memoranda
535 3268 590 3333 diu
609 3268 805 3355 geniumque
823 3268 916 3333 habit
902 3273 975 3333 tura
993 3269 1179 3353 perennem!

332 3430 367 3479 54
380 3441 454 3479 nunc
467 3424 542 3484 inc·
536 3424 639 3479 ·Nunc
653 3426 728 3481 et1n
819 3430 852 3479 58
853 3425 1020 3507 passims·
1035 3426 1165 3480 Passum:
1186 3443 1273 3509 passu

261 3498 450 3552 Marklacdaa
503 3496 625 3550 interum
701 3496 764 3551 61)
755 3495 899 3568 ingemina
920 3498 1087 3553 Grmwcica:
1112 3496 1273 3568 ingeminas

331 3566 576 3625 115“;1333311
593 3567 729 3621 manent
816 3573 953 3627 63131
1051 3569 1202 3651 10p(det
1221 3568 1274 3636 1¹)

260 3637 421 3719 generosior
459 3656 462 3663 ·
506 3643 540 3691 14
558 3654 735 3698 10133331ς.
761 3656 889 3693 13313313
972 3645 1005 3693 1-9
1024 3639 1157 3693 habitura
1176 3642 1273 3694 Acan-

260 3712 328 3762 tica:
348 3708 531 3777 habitumque
