2925 4192
555 373 739 428 snvnaun
757 374 786 428 1.
801 374 847 441 111,
864 381 886 427 1.
1182 372 1224 437 69

220 524 376 603 provocat
398 523 431 583 et
454 518 562 604 dignis
583 518 700 583 invitat
721 518 853 583 Pallada
876 518 1015 601 templis.

219 610 285 672 iam
302 607 446 692 placidae
465 607 543 671 dant
561 606 654 693 signa
672 607 784 688 tubae,
802 607 867 670 iam
884 606 1026 672 fortibus
1044 607 1158 673 ardens

218 698 323 761 fumat
346 696 465 760 harena
487 695 593 761 sacris.
634 695 694 760 hos
715 717 775 761 nec
796 695 929 759 Pisaeus
951 695 1090 759 honores
1177 712 1228 759 140

219 784 369 869 Iuppiter
390 788 446 849 aut
469 783 599 849 Cirrhae
622 788 716 868 pater
738 788 928 867 aspernetur
951 806 1077 868 opacae.

219 874 267 937 nil
289 874 341 938 his
363 872 458 939 triste
481 873 573 958 locis3
597 873 689 937 cedat
710 872 920 937 lacrimabilis
940 871 1096 958 Isthmos,

220 963 312 1027 cedat
334 967 428 1027 atrox
450 960 585 1027 Nemee:
607 962 682 1026 litat
704 961 758 1026 hio
781 961 905 1026 felicior
927 960 1041 1027 infans.

218 1072 490 1205 iahilaiimliuhlltorhlts
505 1050 1013 1223 svcldhiilisihihldritihdsnthlerent
1180 1155 1230 1203 145

220 1250 279 1295 neo
303 1228 404 1312 pudet
426 1228 550 1293 occulte
573 1228 674 1293 nudas
697 1231 844 1311 spectare
866 1228 1052 1311 palaestras.

221 1320 348 1401 spectat
371 1320 404 1381 et
425 1314 527 1383 Icario
550 1338 738 1381 nemorosus
761 1316 895 1399 palmite
919 1314 1046 1393 Gaurus

222 1407 380 1491 silvaque,
403 1427 484 1490 quae
507 1406 606 1469 fixam
627 1406 745 1491 pelago
768 1404 888 1471 Nesida
911 1408 1056 1488 coronat,

221 1499 254 1558 et
277 1494 423 1578 placidus
445 1493 561 1559 Limon
584 1516 742 1578 omenque
764 1492 1051 1577 Euploea-carinis

220 1588 253 1647 et
275 1583 413 1647 Lucrina
435 1582 556 1668 Venus,
577 1582 786 1669 Phrygioque
810 1604 827 1646 e
850 1582 969 1647 vertice
993 1580 1104 1647 Graias
1179 1598 1228 1646 150

220 1671 375 1750 addiscas,
398 1671 536 1755 Miseno,
559 1672 664 1756 tubas,
686 1671 835 1754 ridetque
857 1671 998 1757 benigna

219 1761 424 1843 Parthenope
447 1760 570 1845 gentile
592 1782 718 1824 sacrum
741 1760 909 1842 nudosque
931 1760 1073 1823 virorum

221 1853 362 1914 cenatus
385 1853 418 1912 et
440 1870 540 1931 parva
562 1868 638 1912 suae
661 1848 831 1913 simulacra
854 1869 997 1912 coronae.

221 1937 300 2021 quin
322 1959 382 2023 age
406 1940 439 2001 ct
462 1936 532 2020 ipse
555 1936 662 2001 libens
685 1936 811 2020 proprii
835 1935 1018 2001 certaminis
1043 1939 1132 1999 actus

220 2026 340 2091 invicta
363 2025 496 2111 dignare
518 2047 628 2109 manu,
652 2046 708 2089 seu
730 2024 844 2089 nubila
868 2024 954 2088 disco
1178 2040 1230 2089 155

220 2116 342 2182 findere
366 2136 422 2179 seu
444 2114 589 2179 volucres
612 2113 772 2198 zephyros
795 2113 985 2196 praecedere
1009 2113 1074 2177 telo

221 2226 278 2269 seu
301 2203 364 2268 tibi
387 2202 479 2269 dulce
501 2225 598 2268 manu
621 2202 761 2287 Libycas
783 2202 902 2267 nodare
926 2201 1115 2285 palaestras:

221 2293 352 2379 indulge
376 2292 474 2356 sacris
497 2296 545 2376 et,
569 2292 596 2356 si
619 2291 682 2356 tibi
705 2313 802 2377 poma
825 2293 998 2374 supersunt

220 2380 451 2465 Hesperidum,
474 2381 598 2469 gremio
621 2379 815 2445 venerabilis
837 2380 948 2465 ingere
971 2378 1093 2463 Pollae3

221 2492 298 2535 nam
320 2469 408 2554 capit
431 2474 464 2533 et
486 2473 613 2533 tantum
636 2491 703 2533 non
724 2468 934 2553 degenerabit
956 2467 1119 2532 honorem.
1180 2484 1230 2531 160

222 2558 359 2642 quodsi
382 2558 473 2621 dulce
498 2559 593 2622 decus
616 2558 797 2641 viridesque
820 2559 995 2621 resumeret
1018 2578 1132 2639 amon,

221 2685 264 2693 —
284 2646 324 2709 dn
346 2646 486 2728 veniam,
507 2646 620 2710 Alcide
635 2646 758 2709 —fors
780 2646 834 2709 hio
857 2649 890 2709 et
912 2666 1012 2729 pensa
1034 2645 1171 2709 tulisses.

288 2733 367 2798 haec
390 2754 450 2819 ego
477 2738 645 2798 nascentes
667 2734 771 2797 laetus
795 2733 969 2797 bacchatus
992 2733 1031 2797 ad
1054 2754 1125 2797 aras

221 2823 400 2885 libamenta
421 2821 491 2885 tuli.
536 2843 621 2885 nunc
644 2821 714 2904 ipse
738 2821 773 2884 in
794 2820 905 2885 limine
931 2858 969 2867 —
995 2842 1088 2885 cerno
1165 2894 1170 2907 ¹

222 2910 399 2975 solventem
422 2930 516 2973 voces
539 2913 572 2973 et
595 2910 673 2973 talia
696 2909 781 2972 dicta
804 2909 973 2974 ferentem:
1179 2927 1229 2975 155

222 3001 337 3064 ‘macte
360 2997 475 3063 animis
499 2998 679 3082 opibusque
702 3019 791 3061 meos
814 2996 938 3061 imitate
960 2996 1101 3082 labores,

294 3162 345 3211 158
364 3155 457 3229 dignis
478 3172 506 3214 3:
526 3155 628 3225 dignus
684 3160 733 3208 159
754 3153 887 3211 fortibus:
906 3154 1028 3210 sortibus
1042 3156 1170 3226 Lipsius:
1190 3156 1230 3209 iu-

222 3228 350 3283 sontibus
369 3228 555 3283 Marmaridas
625 3226 746 3281 ischmos
819 3231 870 3280 143
889 3226 992 3282 Nemee
1012 3243 1041 3287 ςε
1059 3242 1171 3283 nenses

224 3306 275 3354 144
313 3298 430 3354 umiceis
449 3315 479 3359 5:
497 3297 623 3368 puniceis
694 3297 856 3352 umentibus
875 3300 992 3368 (saper
1009 3317 1028 3353 u
1046 3300 1110 3354 add.
1124 3302 1160 3365 m)

225 3378 274 3426 149
289 3318 389 3424 dimon
403 3372 452 3440 (sic
465 3372 522 3425 iam
535 3370 704 3435 Politiaaua)
719 3384 855 3437 omenque
872 3368 1005 3438 Gayetas:
1024 3369 1092 3424 limo
1106 3386 1230 3424 numem-

223 3459 277 3511 que
305 3443 406 3512 (ultimi
423 3458 452 3495 m
471 3443 593 3511 primam
610 3439 865 3508 5551551555111)
939 3444 989 3493 151
1008 3440 1157 3497 Addiscss:
1181 3441 1231 3495 ad-

223 3513 319 3567 sciscis
337 3514 524 3568 Marklaadua
609 3516 659 3564 155
678 3510 796 3581 dignare
814 3528 852 3565 m:
871 3508 958 3583 digna
1047 3516 1097 3565 157
1116 3510 1231 3568 libicas:

222 3583 346 3652 liquidas
361 3584 547 3639 Marklaadas
594 3582 713 3637 nodare:
730 3581 869 3639 nudares
930 3586 980 3634 162
1000 3580 1058 3637 hic:
1077 3581 1178 3641 huios

226 3655 277 3707 164'
294 3654 355 3724 ipse
379 3656 442 3724 (555
463 3661 568 3710 servato
590 3653 753 3723 amparet·
770 3670 832 3708 cum
849 3653 1075 3725 Maeaaqtteao):
1094 3652 1187 3721 ipsum
1205 3670 1231 3708 c:

223 3726 285 3793 ipso
305 3742 322 3783 ς
395 3730 446 3778 165
464 3724 610 3781 ferentem:
631 3726 768 3779 serentem
787 3724 922 3779 Heinsius
