2925 4192
233 380 296 444 138
583 380 613 431 P.
632 378 755 432 PAPINI
774 378 891 433 STATII

229 529 264 589 te
286 524 395 589 Pietas
418 524 521 589 oblita
543 523 646 587 virum
670 527 881 608 revocataque
904 522 991 587 caelo

230 612 359 677 Iustitia
381 616 415 676 01
437 612 565 699 gemina
587 611 722 698 plangat
745 610 906 676 Facundia
927 610 1040 697 lingua
1205 630 1241 678 ao

232 704 265 765 et
286 701 393 765 Pallas
416 700 565 783 doctique
588 700 703 765 cohors
725 699 894 765 Heliconia
916 699 1054 785 Phoebi,

232 790 305 874 quis
326 790 421 853 labor
442 788 565 860 Aonios
588 810 664 853 seno
687 789 769 872 pede
793 789 907 853 ducere
930 792 1042 853 cantus

231 882 264 942 et
287 878 407 963 quibus
429 876 566 942 Arcadia
589 899 717 942 carmen
740 877 901 942 testudine
924 877 1043 942 mensis

231 989 306 1031 cura
323 966 412 1050 lyrae
429 988 610 1049 nomenque
628 966 691 1031 fuit
710 988 854 1050 quosque
874 966 952 1031 orbe
971 966 1031 1031 sub
1051 967 1138 1032 omni

234 1055 333 1119 ardua
356 1058 491 1138 septena
511 1059 660 1119 numerat
683 1052 849 1139 Sapientia
871 1054 970 1140 fama,
1205 1074 1239 1121 ss

232 1143 289 1227 qui
311 1144 412 1207 turias
434 1165 612 1229 regumque
635 1143 746 1208 domos
769 1165 942 1227 aversaque
965 1144 1052 1208 oaelo

228 1232 334 1297 sidera
357 1232 496 1297 terrifico
519 1254 616 1316 super
638 1230 807 1296 intonuere
830 1232 1000 1315 cothurno,

230 1325 264 1384 et
288 1320 360 1405 quis
382 1320 501 1385 lasciva
524 1320 608 1384 vires
630 1324 762 1384 tenuare
786 1320 899 1385 Thalia

231 1409 322 1473 dulce
345 1410 397 1473 vel
419 1409 535 1474 heroos
558 1430 670 1494 gressu
693 1413 843 1474 truncare
866 1413 1002 1473 tenores.

230 1498 338 1561 omnia
354 1519 493 1581 namque
511 1497 618 1561 animo
637 1497 825 1580 complexus
843 1502 875 1561 01
894 1497 1044 1562 omnibus
1063 1501 1146 1580 utor,
1188 1515 1240 1562 100

230 1609 293 1670 qua
315 1586 404 1649 fandi
426 1586 475 1649 vis
497 1585 564 1649 lata
586 1588 689 1669 patet,
712 1586 780 1650 sive
803 1608 875 1651 orsa
896 1586 1022 1650 libebat

229 1674 344 1738 Aoniis
367 1674 487 1738 vincire
509 1673 613 1738 modis
636 1696 692 1738 seu
715 1696 792 1738 voce
816 1674 920 1739 soluta

230 1784 382 1848 spargere
406 1767 439 1826 et
462 1763 581 1827 effreno
603 1761 733 1827 nimbos
757 1785 893 1847 aequare
915 1764 1055 1848 profatu.

232 1873 325 1915 exere
349 1850 521 1916 semirutos
544 1850 654 1915 subito
678 1852 716 1915 de
739 1851 872 1936 pulvere
894 1852 1016 1936 vultus,

229 1940 447 2025 Parthenope,
471 1940 655 2023 crinemque
678 1940 795 2005 adflato
818 1943 928 2004 monte
952 1940 1115 2024 sepultum
1189 1959 1240 2005 100

229 2051 314 2113 0000
338 2051 435 2113 super
457 2028 600 2092 tumulos
622 2032 655 2092 et
677 2029 787 2114 magni
809 2029 906 2093 funus
929 2028 1063 2113 alumni,

229 2140 293 2201 quo
315 2140 382 2182 non
403 2116 594 2201 Monychiae
618 2117 789 2201 quicquam
812 2117 1029 2202 praestantius
1052 2140 1140 2183 arces

229 2205 386 2290 doctaque
410 2205 531 2289 Cyrene
555 2204 709 2289 Sparteve
732 2206 875 2271 animosa
899 2206 1026 2270 creavit.

229 2295 257 2359 si
280 2298 317 2358 tu
340 2294 442 2377 stirpe
465 2316 579 2358 vacans
602 2293 769 2377 famaeque
793 2294 929 2359 obscura
951 2294 1071 2359 iaceres

229 2382 277 2446 nil
299 2382 420 2468 gentile
444 2386 570 2465 tenens,
592 2381 649 2446 illo
672 2385 705 2445 10
729 2382 797 2446 cive
821 2382 984 2465 probabas
1186 2402 1238 2449 110

228 2469 358 2535 Graiam
381 2476 477 2553 atque
500 2469 645 2535 Euboico
668 2470 826 2535 maiorum
849 2470 1004 2557 sanguine
1028 2472 1108 2536 duci.

228 2559 283 2623 ille
305 2559 371 2622 tuis
394 2558 513 2623 totiens
536 2559 723 2642 praestabat
746 2563 894 2643 tempora
916 2560 1025 2643 sertis,

228 2670 303 2712 cum
325 2651 411 2711 01010
433 2647 564 2711 laudato
587 2652 715 2712 caneret
739 2648 957 2731 quinquennia
979 2671 1073 2713 versu

231 2793 440 2801 ——--—..

300 2882 333 2929 99
361 2876 461 2931 ducere
490 2878 589 2931 000100
616 2879 720 2931 omnus
747 2878 860 2946 quidam
889 2877 1009 2933 6000001
1037 2885 1062 2933 01
1088 2879 1237 2933 Boethius:

228 2949 329 3002 ducere
356 2964 418 3001 cam
457 2965 482 3003 s:
509 2963 618 3002 currem
646 2965 759 3015 campos
778 2948 912 3002 Heinsius
1018 2953 1052 3001 94
1071 2965 1138 3002 cura
1158 2948 1237 3019 lyrae

229 3020 396 3075 Gronovius:
456 3018 581 3073 delibem
661 3024 694 3071 90
714 3018 768 3082 Qui
786 3020 838 3073 11¹:
859 3016 927 3082 Quis
1008 3025 1041 3073 98
1060 3020 1123 3088 quis
1142 3038 1168 3076 o:
1187 3020 1239 3089 qui

299 3090 417 3143 tenuare
436 3107 463 3144 e:
481 3091 597 3143 tenuere
686 3093 719 3140 99
739 3090 838 3142 heroos
857 3105 885 3147 ςι
911 3105 991 3144 orcos
1080 3092 1191 3145 tenores
1210 3109 1236 3146 o:

228 3161 335 3215 leones:
359 3158 468 3227 lepores
487 3160 652 3214 Ribbectius
742 3164 792 3211 100
812 3161 886 3213 utor:
907 3163 1019 3213 001000
1110 3166 1159 3215 101
1179 3161 1236 3218 vis:

227 3231 276 3286 via
294 3230 479 3285 Murtiandus
543 3235 592 3283 102
612 3247 660 3284 seu
679 3245 709 3286 s:
728 3246 779 3283 ceu
848 3235 899 3283 104
918 3234 1053 3285 semrutos
1117 3237 1167 3285 105
1187 3233 1237 3287 ad-

228 3303 309 3356 flato:
329 3300 424 3354 efflato
443 3300 499 3355 Leo
573 3305 622 3353 107
642 3299 801 3355 Monichiae
819 3302 953 3355 Heinsius
973 3303 1018 3371 (cf.
1036 3303 1119 3357 Theb.
1134 3303 1160 3356 Π
1175 3309 1235 3357 252.

227 3374 353 3440 1111610,
368 3372 457 3442 Stepb.
477 3372 545 3442 Bye.
559 3388 581 3425 0.
594 3390 619 3426 u.
634 3372 794 3440 Mavuxa‘ub
813 3370 963 3426 moniciae:
978 3372 1138 3427 Munichiae
1156 3375 1237 3446 00100

299 3443 450 3511 quitquam
474 3440 644 3512 prestantius
672 3444 747 3495 artes
854 3447 905 3495 108
932 3442 1089 3512 Doctaquc:
1117 3444 1237 3499 doctave

228 3515 415 3569 Murtlcndus
487 3518 536 3566 109
553 3528 657 3566 vacans
673 3513 826 3568 Baehrens:
847 3515 939 3568 vetas:
958 3516 1039 3567 001οι
1059 3516 1238 3574 0001110110

300 3590 350 3639 111
371 3588 468 3654 atque:
497 3599 568 3649 aqua
595 3584 781 3638 1100110001οε
879 3589 927 3637 112
951 3585 1115 3654 praestabat
1139 3588 1235 3642 Elter:

228 3657 338 3725 prestat
356 3656 418 3710 sed:
446 3653 584 3726 precinxit
602 3656 643 3708 001
661 3652 826 3727 00001010κὶ1
841 3672 866 3708 o:
893 3656 1039 3723 praestant
1058 3673 1087 3709 00
1111 3657 1235 3726 Vollmer,
1337 3701 1340 3707 .

227 3727 278 3797 qui
296 3726 352 3779 1010
364 3723 489 3778 -sertis
503 3725 659 3793 parenthesi
677 3726 810 3780 conclusit
891 3725 973 3779 sertis
988 3744 1016 3779 o:
1036 3726 1104 3781 seris
