<?xml version="1.0" encoding="UTF-8"?>
<!DOCTYPE html PUBLIC "-//W3C//DTD XHTML 1.0 Transitional//EN"
    "http://www.w3.org/TR/xhtml1/DTD/xhtml1-transitional.dtd">
<html xmlns="http://www.w3.org/1999/xhtml" xml:lang="en" lang="en">
 <head>
  <title>
</title>
<meta http-equiv="Content-Type" content="text/html;charset=utf-8" />
  <meta name='ocr-system' content='tesseract 3.04.00' />
  <meta name='ocr-capabilities' content='ocr_page ocr_carea ocr_par ocr_line ocrx_word'/>
</head>
<body>
  <div class='ocr_page' id='page_1' title='image "./opera00statgoog_0027.png"; bbox 0 0 2925 4192; ppageno 0'>
   <div class='ocr_carea' id='block_1_1' title="bbox 241 381 848 440">
    <p class='ocr_par' dir='ltr' id='par_1_1' title="bbox 241 381 848 440">
     <span class='ocr_line' id='line_1_1' title="bbox 241 381 848 440; baseline -0.003 0"><span class='ocrx_word' id='word_1_1' title='bbox 241 381 332 440; x_wconf 72' lang='lat' dir='ltr'>xxiv</span> <span class='ocrx_word' id='word_1_2' title='bbox 643 382 848 439; x_wconf 79' lang='lat' dir='ltr'><strong>PRAEFATIO</strong></span> 
     </span>
    </p>
   </div>
   <div class='ocr_carea' id='block_1_2' title="bbox 240 525 1254 1128">
    <p class='ocr_par' dir='ltr' id='par_1_2' title="bbox 240 525 1254 1128">
     <span class='ocr_line' id='line_1_2' title="bbox 242 525 1253 610; baseline -0.004 -16"><span class='ocrx_word' id='word_1_3' title='bbox 242 535 388 595; x_wconf 89' lang='lat' dir='ltr'>abierunt.</span> <span class='ocrx_word' id='word_1_4' title='bbox 429 534 604 610; x_wconf 86' lang='lat' dir='ltr'>plerumque</span> <span class='ocrx_word' id='word_1_5' title='bbox 627 537 728 593; x_wconf 86' lang='lat' dir='ltr'>autem</span> <span class='ocrx_word' id='word_1_6' title='bbox 750 527 779 593; x_wconf 89' lang='grc' dir='ltr'><strong><em>Η</em></strong></span> <span class='ocrx_word' id='word_1_7' title='bbox 799 533 831 593; x_wconf 90' lang='lat' dir='ltr'>id</span> <span class='ocrx_word' id='word_1_8' title='bbox 853 533 966 608; x_wconf 86' lang='lat' dir='ltr'>reoepit</span> <span class='ocrx_word' id='word_1_9' title='bbox 988 532 1068 608; x_wconf 89' lang='lat' dir='ltr'>quod</span> <span class='ocrx_word' id='word_1_10' title='bbox 1089 533 1122 590; x_wconf 88' lang='lat' dir='ltr'>in</span> <span class='ocrx_word' id='word_1_11' title='bbox 1145 525 1170 593; x_wconf 90' lang='lat' dir='ltr'><strong>G</strong></span> <span class='ocrx_word' id='word_1_12' title='bbox 1191 531 1253 608; x_wconf 86' lang='lat' dir='ltr'>pri·</span> 
     </span>
     <span class='ocr_line' id='line_1_3' title="bbox 240 622 1254 700; baseline -0.003 -17"><span class='ocrx_word' id='word_1_13' title='bbox 240 624 331 683; x_wconf 84' lang='lat' dir='ltr'>mitus</span> <span class='ocrx_word' id='word_1_14' title='bbox 353 625 386 681; x_wconf 91' lang='lat' dir='ltr'>in</span> <span class='ocrx_word' id='word_1_15' title='bbox 408 625 493 682; x_wconf 81' lang='lat' dir='ltr'>textu</span> <span class='ocrx_word' id='word_1_16' title='bbox 515 623 573 681; x_wconf 82' lang='lat' dir='ltr'>fuit</span> <span class='ocrx_word' id='word_1_17' title='bbox 591 623 734 700; x_wconf 78' lang='lat' dir='ltr'>neglectis</span> <span class='ocrx_word' id='word_1_18' title='bbox 752 624 800 682; x_wconf 84' lang='lat' dir='ltr'>vel</span> <span class='ocrx_word' id='word_1_19' title='bbox 818 641 879 682; x_wconf 90' lang='lat' dir='ltr'>non</span> <span class='ocrx_word' id='word_1_20' title='bbox 896 622 1024 700; x_wconf 79' lang='lat' dir='ltr'><strong>cognitis</strong></span> <span class='ocrx_word' id='word_1_21' title='bbox 1047 639 1123 697; x_wconf 87' lang='lat' dir='ltr'>quae</span> <span class='ocrx_word' id='word_1_22' title='bbox 1146 623 1254 697; x_wconf 84' lang='lat' dir='ltr'>postea</span> 
     </span>
     <span class='ocr_line' id='line_1_4' title="bbox 240 705 1252 786; baseline -0.003 -15"><span class='ocrx_word' id='word_1_23' title='bbox 240 713 272 771; x_wconf 91' lang='lat' dir='ltr'>in</span> <span class='ocrx_word' id='word_1_24' title='bbox 297 705 322 772; x_wconf 97' lang='lat' dir='ltr'><strong>G</strong></span> <span class='ocrx_word' id='word_1_25' title='bbox 345 714 477 772; x_wconf 81' lang='lat' dir='ltr'>correcta</span> <span class='ocrx_word' id='word_1_26' title='bbox 500 713 576 771; x_wconf 90' lang='lat' dir='ltr'>sunt.</span> <span class='ocrx_word' id='word_1_27' title='bbox 623 711 658 770; x_wconf 86' lang='lat' dir='ltr'>de</span> <span class='ocrx_word' id='word_1_28' title='bbox 683 712 784 771; x_wconf 87' lang='lat' dir='ltr'>oodioe</span> <span class='ocrx_word' id='word_1_29' title='bbox 807 705 837 771; x_wconf 88' lang='lat' dir='ltr'><strong>K</strong></span> <span class='ocrx_word' id='word_1_30' title='bbox 860 712 994 771; x_wconf 79' lang='lat' dir='ltr'>conferas</span> <span class='ocrx_word' id='word_1_31' title='bbox 1016 710 1064 770; x_wconf 93' lang='grc' dir='ltr'>ΠΙ</span> <span class='ocrx_word' id='word_1_32' title='bbox 1077 713 1107 786; x_wconf 88' lang='lat'>4,</span> <span class='ocrx_word' id='word_1_33' title='bbox 1122 711 1178 786; x_wconf 85' lang='grc'>46,</span> <span class='ocrx_word' id='word_1_34' title='bbox 1200 709 1252 769; x_wconf 91' lang='lat' dir='ltr'>ubi</span> 
     </span>
     <span class='ocr_line' id='line_1_5' title="bbox 241 793 1254 878; baseline -0.001 -19"><span class='ocrx_word' id='word_1_35' title='bbox 241 803 344 861; x_wconf 91' lang='lat' dir='ltr'>notam</span> <span class='ocrx_word' id='word_1_36' title='bbox 385 800 588 860; x_wconf 83' lang='lat' dir='ltr'>memorialem</span> <span class='ocrx_word' id='word_1_37' title='bbox 624 801 656 859; x_wconf 92' lang='lat' dir='ltr'>in</span> <span class='ocrx_word' id='word_1_38' title='bbox 690 793 715 861; x_wconf 93' lang='lat' dir='ltr'><strong>G</strong></span> <span class='ocrx_word' id='word_1_39' title='bbox 745 801 875 878; x_wconf 85' lang='lat' dir='ltr'>margini</span> <span class='ocrx_word' id='word_1_40' title='bbox 908 800 1060 876; x_wconf 78' lang='lat' dir='ltr'>adpictum</span> <span class='ocrx_word' id='word_1_41' title='bbox 1096 793 1254 859; x_wconf 75' lang='lat' dir='ltr'>‘olorinus&#39;</span> 
     </span>
     <span class='ocr_line' id='line_1_6' title="bbox 242 883 1253 965; baseline -0.001 -17"><span class='ocrx_word' id='word_1_42' title='bbox 242 889 384 949; x_wconf 88' lang='lat' dir='ltr'>librarius</span> <span class='ocrx_word' id='word_1_43' title='bbox 407 883 565 950; x_wconf 88' lang='lat' dir='ltr'>oodioisK</span> <span class='ocrx_word' id='word_1_44' title='bbox 587 890 619 948; x_wconf 90' lang='lat' dir='ltr'>in</span> <span class='ocrx_word' id='word_1_45' title='bbox 642 891 759 948; x_wconf 81' lang='lat' dir='ltr'>textum</span> <span class='ocrx_word' id='word_1_46' title='bbox 780 890 901 965; x_wconf 85' lang='lat' dir='ltr'>reoepit,</span> <span class='ocrx_word' id='word_1_47' title='bbox 924 889 1035 965; x_wconf 82' lang='lat' dir='ltr'>scripta</span> <span class='ocrx_word' id='word_1_48' title='bbox 1057 907 1129 948; x_wconf 84' lang='lat' dir='ltr'>voee</span> <span class='ocrx_word' id='word_1_49' title='bbox 1152 883 1253 948; x_wconf 72' lang='lat' dir='ltr'>‘olori-</span> 
     </span>
     <span class='ocr_line' id='line_1_7' title="bbox 241 972 1251 1056; baseline -0.002 -18"><span class='ocrx_word' id='word_1_50' title='bbox 241 973 368 1055; x_wconf 89' lang='lat' dir='ltr'>nusque&#39;</span> <span class='ocrx_word' id='word_1_51' title='bbox 386 997 441 1055; x_wconf 90' lang='lat' dir='ltr'>pro</span> <span class='ocrx_word' id='word_1_52' title='bbox 459 973 671 1054; x_wconf 73' lang='lat' dir='ltr'>‘olorinaque&#39;3</span> <span class='ocrx_word' id='word_1_53' title='bbox 695 998 771 1055; x_wconf 85' lang='lat' dir='ltr'>quae</span> <span class='ocrx_word' id='word_1_54' title='bbox 790 979 831 1038; x_wconf 90' lang='lat' dir='ltr'>sit</span> <span class='ocrx_word' id='word_1_55' title='bbox 848 978 932 1055; x_wconf 87' lang='lat' dir='ltr'>origo</span> <span class='ocrx_word' id='word_1_56' title='bbox 950 978 1060 1038; x_wconf 86' lang='lat' dir='ltr'>eodieis</span> <span class='ocrx_word' id='word_1_57' title='bbox 1078 972 1103 1047; x_wconf 75' lang='lat' dir='ltr'><strong>G</strong></span> <span class='ocrx_word' id='word_1_58' title='bbox 1119 978 1166 1037; x_wconf 87' lang='lat' dir='ltr'>his</span> <span class='ocrx_word' id='word_1_59' title='bbox 1185 998 1208 1036; x_wconf 91' lang='lat' dir='ltr'>e.</span> <span class='ocrx_word' id='word_1_60' title='bbox 1223 998 1251 1056; x_wconf 86' lang='lat' dir='ltr'>g.</span> 
     </span>
     <span class='ocr_line' id='line_1_8' title="bbox 241 1068 520 1128; baseline 0 -2"><span class='ocrx_word' id='word_1_61' title='bbox 241 1068 315 1128; x_wconf 84' lang='lat' dir='ltr'>loeis</span> <span class='ocrx_word' id='word_1_62' title='bbox 337 1068 520 1127; x_wconf 82' lang='lat' dir='ltr'>illustratur:</span> 
     </span>
    </p>
   </div>
   <div class='ocr_carea' id='block_1_3' title="bbox 240 1150 885 1552">
    <p class='ocr_par' dir='ltr' id='par_1_3' title="bbox 240 1150 885 1552">
     <span class='ocr_line' id='line_1_9' title="bbox 241 1150 885 1286; baseline 0.002 -19"><span class='ocrx_word' id='word_1_63' title='bbox 241 1209 285 1267; x_wconf 86' lang='lat' dir='ltr'>IV</span> <span class='ocrx_word' id='word_1_64' title='bbox 305 1229 349 1286; x_wconf 86' lang='lat' dir='ltr'>pr.</span> <span class='ocrx_word' id='word_1_65' title='bbox 369 1212 425 1269; x_wconf 82' lang='lat'>29:</span> <span class='ocrx_word' id='word_1_66' title='bbox 447 1150 608 1268; x_wconf 62' lang='lat' dir='ltr'>liiidiburiim</span> <span class='ocrx_word' id='word_1_67' title='bbox 632 1201 669 1270; x_wconf 88' lang='lat' dir='ltr'>G:</span> <span class='ocrx_word' id='word_1_68' title='bbox 692 1207 837 1268; x_wconf 89' lang='lat' dir='ltr'>librorum</span> <span class='ocrx_word' id='word_1_69' title='bbox 860 1203 885 1278; x_wconf 75' lang='lat' dir='ltr'><strong>G</strong></span> 
     </span>
     <span class='ocr_line' id='line_1_10' title="bbox 241 1303 884 1415; baseline -0.005 -23"><span class='ocrx_word' id='word_1_70' title='bbox 241 1333 285 1392; x_wconf 74' lang='grc' dir='ltr'><strong><em>Ν</em></strong></span> <span class='ocrx_word' id='word_1_71' title='bbox 300 1336 330 1408; x_wconf 82' lang='lat'>2,</span> <span class='ocrx_word' id='word_1_72' title='bbox 345 1333 400 1392; x_wconf 81' lang='lat'>55:</span> <span class='ocrx_word' id='word_1_73' title='bbox 423 1303 492 1391; x_wconf 65' lang='lat' dir='ltr'>ab}</span> <span class='ocrx_word' id='word_1_74' title='bbox 515 1325 598 1415; x_wconf 70' lang='lat' dir='ltr'>(sse.</span> <span class='ocrx_word' id='word_1_75' title='bbox 619 1324 671 1413; x_wconf 47' lang='grc' dir='ltr'>οἳ)</span> <span class='ocrx_word' id='word_1_76' title='bbox 696 1325 732 1394; x_wconf 77' lang='lat' dir='ltr'>s:</span> <span class='ocrx_word' id='word_1_77' title='bbox 756 1327 884 1401; x_wconf 78' lang='lat' dir='ltr'>numo</span> 
     </span>
     <span class='ocr_line' id='line_1_11' title="bbox 240 1426 802 1552; baseline 0.007 -20"><span class='ocrx_word' id='word_1_78' title='bbox 240 1475 269 1531; x_wconf 92' lang='lat' dir='ltr'><strong>V</strong></span> <span class='ocrx_word' id='word_1_79' title='bbox 284 1477 402 1550; x_wconf 78' lang='lat'>2,149:</span> <span class='ocrx_word' id='word_1_80' title='bbox 424 1426 540 1552; x_wconf 61' lang='lat' dir='ltr'>tribdis</span> <span class='ocrx_word' id='word_1_81' title='bbox 564 1467 601 1535; x_wconf 88' lang='lat' dir='ltr'>G:</span> <span class='ocrx_word' id='word_1_82' title='bbox 623 1473 752 1533; x_wconf 86' lang='lat' dir='ltr'>tribrata</span> <span class='ocrx_word' id='word_1_83' title='bbox 776 1467 802 1536; x_wconf 93' lang='lat' dir='ltr'><strong>G</strong></span> 
     </span>
    </p>
   </div>
   <div class='ocr_carea' id='block_1_4' title="bbox 161 1567 1254 3808">
    <p class='ocr_par' dir='ltr' id='par_1_4' title="bbox 241 1567 1032 1676">
     <span class='ocr_line' id='line_1_12' title="bbox 241 1567 1032 1676; baseline 0.001 -20"><span class='ocrx_word' id='word_1_84' title='bbox 241 1599 269 1656; x_wconf 86' lang='lat' dir='ltr'><strong>V</strong></span> <span class='ocrx_word' id='word_1_85' title='bbox 284 1601 403 1674; x_wconf 84' lang='lat'>3,199:</span> <span class='ocrx_word' id='word_1_86' title='bbox 426 1599 551 1658; x_wconf 88' lang='lat' dir='ltr'>duorum</span> <span class='ocrx_word' id='word_1_87' title='bbox 573 1593 617 1658; x_wconf 84' lang='lat' dir='ltr'>M:</span> <span class='ocrx_word' id='word_1_88' title='bbox 639 1567 756 1676; x_wconf 69' lang='lat' dir='ltr'>didmm</span> <span class='ocrx_word' id='word_1_89' title='bbox 779 1592 818 1659; x_wconf 78' lang='lat' dir='ltr'>Gr</span> <span class='ocrx_word' id='word_1_90' title='bbox 840 1599 977 1658; x_wconf 88' lang='lat' dir='ltr'>divorum</span> <span class='ocrx_word' id='word_1_91' title='bbox 1000 1593 1032 1668; x_wconf 74' lang='lat' dir='ltr'><strong>G</strong></span> 
     </span>
    </p>

    <p class='ocr_par' dir='ltr' id='par_1_5' title="bbox 161 1678 1254 3808">
     <span class='ocr_line' id='line_1_13' title="bbox 241 1678 1254 1765; baseline 0.003 -20"><span class='ocrx_word' id='word_1_92' title='bbox 241 1688 256 1745; x_wconf 96' lang='lat' dir='ltr'>I</span> <span class='ocrx_word' id='word_1_93' title='bbox 281 1691 310 1764; x_wconf 98' lang='grc'>2,</span> <span class='ocrx_word' id='word_1_94' title='bbox 335 1690 396 1747; x_wconf 88' lang='grc'>231</span> <span class='ocrx_word' id='word_1_95' title='bbox 422 1707 488 1747; x_wconf 89' lang='lat' dir='ltr'>oum</span> <span class='ocrx_word' id='word_1_96' title='bbox 512 1682 536 1757; x_wconf 73' lang='lat' dir='ltr'><strong>G</strong></span> <span class='ocrx_word' id='word_1_97' title='bbox 564 1687 701 1748; x_wconf 73' lang='lat' dir='ltr'>exhibeat</span> <span class='ocrx_word' id='word_1_98' title='bbox 728 1681 772 1746; x_wconf 68' lang='lat' dir='ltr'>‘et</span> <span class='ocrx_word' id='word_1_99' title='bbox 797 1682 934 1762; x_wconf 84' lang='lat' dir='ltr'>fervent&#39;,</span> <span class='ocrx_word' id='word_1_100' title='bbox 961 1689 1034 1746; x_wconf 89' lang='lat' dir='ltr'>nota</span> <span class='ocrx_word' id='word_1_101' title='bbox 1060 1686 1203 1765; x_wconf 79' lang='lat' dir='ltr'>marginis</span> <span class='ocrx_word' id='word_1_102' title='bbox 1228 1678 1254 1748; x_wconf 89' lang='lat' dir='ltr'><strong>G</strong></span> 
     </span>
     <span class='ocr_line' id='line_1_14' title="bbox 242 1772 1252 1852; baseline -0.001 -18"><span class='ocrx_word' id='word_1_103' title='bbox 242 1795 318 1852; x_wconf 90' lang='lat' dir='ltr'>quae</span> <span class='ocrx_word' id='word_1_104' title='bbox 342 1778 458 1852; x_wconf 84' lang='lat' dir='ltr'>spectet</span> <span class='ocrx_word' id='word_1_105' title='bbox 485 1777 523 1834; x_wconf 88' lang='lat' dir='ltr'>ad</span> <span class='ocrx_word' id='word_1_106' title='bbox 545 1796 572 1836; x_wconf 87' lang='lat' dir='ltr'>v.</span> <span class='ocrx_word' id='word_1_107' title='bbox 593 1778 657 1836; x_wconf 88' lang='grc'>230</span> <span class='ocrx_word' id='word_1_108' title='bbox 681 1772 821 1836; x_wconf 73' lang='lat' dir='ltr'>‘fervent&#39;</span> <span class='ocrx_word' id='word_1_109' title='bbox 843 1794 999 1852; x_wconf 84' lang='lat' dir='ltr'>perperam</span> <span class='ocrx_word' id='word_1_110' title='bbox 1026 1776 1057 1834; x_wconf 91' lang='lat' dir='ltr'>in</span> <span class='ocrx_word' id='word_1_111' title='bbox 1080 1778 1252 1851; x_wconf 79' lang='lat' dir='ltr'>sequentem</span> 
     </span>
     <span class='ocr_line' id='line_1_15' title="bbox 161 1857 1253 1943; baseline -0.002 -18"><span class='ocrx_word' id='word_1_112' title='bbox 161 1897 162 1900; x_wconf 35' lang='lat'>¹</span> <span class='ocrx_word' id='word_1_113' title='bbox 243 1884 361 1926; x_wconf 88' lang='lat' dir='ltr'>versum</span> <span class='ocrx_word' id='word_1_114' title='bbox 379 1865 475 1924; x_wconf 86' lang='lat' dir='ltr'>inlata</span> <span class='ocrx_word' id='word_1_115' title='bbox 495 1868 547 1925; x_wconf 91' lang='lat' dir='ltr'>est.</span> <span class='ocrx_word' id='word_1_116' title='bbox 592 1884 678 1942; x_wconf 90' lang='lat' dir='ltr'>posse</span> <span class='ocrx_word' id='word_1_117' title='bbox 697 1865 792 1943; x_wconf 81' lang='lat' dir='ltr'>igitur</span> <span class='ocrx_word' id='word_1_118' title='bbox 805 1866 844 1924; x_wconf 91' lang='lat' dir='ltr'>ad</span> <span class='ocrx_word' id='word_1_119' title='bbox 857 1865 987 1924; x_wconf 80' lang='lat' dir='ltr'>redicem</span> <span class='ocrx_word' id='word_1_120' title='bbox 1003 1857 1027 1926; x_wconf 91' lang='lat' dir='ltr'><strong>G</strong></span> <span class='ocrx_word' id='word_1_121' title='bbox 1044 1864 1146 1924; x_wconf 89' lang='lat' dir='ltr'>reduoi</span> <span class='ocrx_word' id='word_1_122' title='bbox 1159 1864 1253 1923; x_wconf 93' lang='lat' dir='ltr'>libros</span> 
     </span>
     <span class='ocr_line' id='line_1_16' title="bbox 241 1947 1252 2030; baseline -0.003 -15"><span class='ocrx_word' id='word_1_123' title='bbox 241 1947 341 2023; x_wconf 75' lang='lat' dir='ltr'>11th</span> <span class='ocrx_word' id='word_1_124' title='bbox 368 1955 441 2014; x_wconf 87' lang='lat' dir='ltr'>satis</span> <span class='ocrx_word' id='word_1_125' title='bbox 464 1955 571 2030; x_wconf 88' lang='lat' dir='ltr'>opinor</span> <span class='ocrx_word' id='word_1_126' title='bbox 593 1955 829 2014; x_wconf 90' lang='lat' dir='ltr'>demonstratum</span> <span class='ocrx_word' id='word_1_127' title='bbox 852 1957 898 2012; x_wconf 88' lang='lat' dir='ltr'>est</span> <span class='ocrx_word' id='word_1_128' title='bbox 920 1954 962 2013; x_wconf 91' lang='lat' dir='ltr'>eis</span> <span class='ocrx_word' id='word_1_129' title='bbox 986 1972 1062 2029; x_wconf 89' lang='lat' dir='ltr'>quae</span> <span class='ocrx_word' id='word_1_130' title='bbox 1085 1953 1181 2012; x_wconf 85' lang='lat' dir='ltr'>adhue</span> <span class='ocrx_word' id='word_1_131' title='bbox 1204 1972 1252 2013; x_wconf 85' lang='lat' dir='ltr'>ex·</span> 
     </span>
     <span class='ocr_line' id='line_1_17' title="bbox 242 2042 1253 2119; baseline -0.002 -17"><span class='ocrx_word' id='word_1_132' title='bbox 242 2044 410 2119; x_wconf 88' lang='lat' dir='ltr'>posuimus:</span> <span class='ocrx_word' id='word_1_133' title='bbox 444 2061 505 2103; x_wconf 90' lang='lat' dir='ltr'>esse</span> <span class='ocrx_word' id='word_1_134' title='bbox 538 2063 605 2102; x_wconf 89' lang='lat' dir='ltr'>eum</span> <span class='ocrx_word' id='word_1_135' title='bbox 635 2063 740 2103; x_wconf 87' lang='lat' dir='ltr'>revera</span> <span class='ocrx_word' id='word_1_136' title='bbox 771 2062 955 2103; x_wconf 83' lang='lat' dir='ltr'>communem</span> <span class='ocrx_word' id='word_1_137' title='bbox 986 2043 1101 2101; x_wconf 84' lang='lat' dir='ltr'>fontem</span> <span class='ocrx_word' id='word_1_138' title='bbox 1131 2042 1253 2102; x_wconf 88' lang='lat' dir='ltr'>illorum</span> 
     </span>
     <span class='ocr_line' id='line_1_18' title="bbox 241 2126 1254 2209; baseline -0.001 -19"><span class='ocrx_word' id='word_1_139' title='bbox 241 2133 385 2192; x_wconf 88' lang='lat' dir='ltr'>librorum</span> <span class='ocrx_word' id='word_1_140' title='bbox 407 2133 476 2191; x_wconf 90' lang='lat' dir='ltr'>inde</span> <span class='ocrx_word' id='word_1_141' title='bbox 500 2133 641 2208; x_wconf 78' lang='lat' dir='ltr'>efficitur,</span> <span class='ocrx_word' id='word_1_142' title='bbox 669 2134 748 2209; x_wconf 90' lang='lat' dir='ltr'>quod</span> <span class='ocrx_word' id='word_1_143' title='bbox 772 2126 798 2193; x_wconf 92' lang='lat' dir='ltr'><strong>G</strong></span> <span class='ocrx_word' id='word_1_144' title='bbox 819 2152 854 2191; x_wconf 83' lang='lat' dir='ltr'>ex</span> <span class='ocrx_word' id='word_1_145' title='bbox 876 2132 941 2207; x_wconf 93' lang='lat' dir='ltr'>ipso</span> <span class='ocrx_word' id='word_1_146' title='bbox 965 2131 1065 2190; x_wconf 81' lang='lat' dir='ltr'>codiee</span> <span class='ocrx_word' id='word_1_147' title='bbox 1083 2131 1254 2190; x_wconf 72' lang='lat' dir='ltr'>Matmtensi</span> 
     </span>
     <span class='ocr_line' id='line_1_19' title="bbox 242 2214 1252 2296; baseline 0 -18"><span class='ocrx_word' id='word_1_148' title='bbox 242 2220 408 2296; x_wconf 79' lang='lat' dir='ltr'>descriptus</span> <span class='ocrx_word' id='word_1_149' title='bbox 432 2224 484 2281; x_wconf 91' lang='lat' dir='ltr'>est.</span> <span class='ocrx_word' id='word_1_150' title='bbox 529 2240 599 2280; x_wconf 90' lang='lat' dir='ltr'>nam</span> <span class='ocrx_word' id='word_1_151' title='bbox 623 2240 697 2296; x_wconf 86' lang='lat' dir='ltr'>quae</span> <span class='ocrx_word' id='word_1_152' title='bbox 720 2222 753 2280; x_wconf 90' lang='lat' dir='ltr'>in</span> <span class='ocrx_word' id='word_1_153' title='bbox 777 2214 802 2282; x_wconf 90' lang='lat' dir='ltr'><strong>G</strong></span> <span class='ocrx_word' id='word_1_154' title='bbox 824 2223 943 2279; x_wconf 85' lang='lat' dir='ltr'>exstant</span> <span class='ocrx_word' id='word_1_155' title='bbox 965 2220 1083 2279; x_wconf 80' lang='lat' dir='ltr'>diversa</span> <span class='ocrx_word' id='word_1_156' title='bbox 1106 2239 1124 2278; x_wconf 88' lang='lat' dir='ltr'>a</span> <span class='ocrx_word' id='word_1_157' title='bbox 1146 2219 1252 2278; x_wconf 85' lang='lat' dir='ltr'>Metri-</span> 
     </span>
     <span class='ocr_line' id='line_1_20' title="bbox 241 2308 1253 2387; baseline -0.001 -20"><span class='ocrx_word' id='word_1_158' title='bbox 241 2309 334 2367; x_wconf 90' lang='lat' dir='ltr'>tensis</span> <span class='ocrx_word' id='word_1_159' title='bbox 353 2309 538 2384; x_wconf 79' lang='lat' dir='ltr'>lectionibus,</span> <span class='ocrx_word' id='word_1_160' title='bbox 552 2329 587 2368; x_wconf 87' lang='lat' dir='ltr'>ea</span> <span class='ocrx_word' id='word_1_161' title='bbox 605 2309 653 2368; x_wconf 86' lang='lat' dir='ltr'>vel</span> <span class='ocrx_word' id='word_1_162' title='bbox 672 2310 878 2387; x_wconf 74' lang='lat' dir='ltr'>neglegentiae</span> <span class='ocrx_word' id='word_1_163' title='bbox 898 2309 947 2370; x_wconf 85' lang='lat' dir='ltr'>vel</span> <span class='ocrx_word' id='word_1_164' title='bbox 966 2308 1117 2369; x_wconf 73' lang='lat' dir='ltr'>doetrinae</span> <span class='ocrx_word' id='word_1_165' title='bbox 1136 2308 1253 2367; x_wconf 84' lang='lat' dir='ltr'>librarii</span> 
     </span>
     <span class='ocr_line' id='line_1_21' title="bbox 243 2397 1253 2474; baseline -0.001 -19"><span class='ocrx_word' id='word_1_166' title='bbox 243 2397 397 2456; x_wconf 85' lang='lat' dir='ltr'>debentur.</span> <span class='ocrx_word' id='word_1_167' title='bbox 441 2417 533 2455; x_wconf 90' lang='lat' dir='ltr'>unum</span> <span class='ocrx_word' id='word_1_168' title='bbox 561 2398 694 2458; x_wconf 84' lang='lat' dir='ltr'>adferam</span> <span class='ocrx_word' id='word_1_169' title='bbox 721 2399 820 2457; x_wconf 83' lang='lat' dir='ltr'>locum</span> <span class='ocrx_word' id='word_1_170' title='bbox 850 2398 928 2457; x_wconf 90' lang='lat' dir='ltr'>unde</span> <span class='ocrx_word' id='word_1_171' title='bbox 956 2398 1035 2457; x_wconf 88' lang='lat' dir='ltr'>olare</span> <span class='ocrx_word' id='word_1_172' title='bbox 1064 2398 1253 2474; x_wconf 82' lang='lat' dir='ltr'>perspicitur,</span> 
     </span>
     <span class='ocr_line' id='line_1_22' title="bbox 244 2478 1252 2547; baseline -0.003 0"><span class='ocrx_word' id='word_1_173' title='bbox 244 2478 268 2547; x_wconf 91' lang='lat' dir='ltr'><strong>G</strong></span> <span class='ocrx_word' id='word_1_174' title='bbox 290 2486 373 2545; x_wconf 92' lang='lat' dir='ltr'>nullo</span> <span class='ocrx_word' id='word_1_175' title='bbox 400 2485 599 2545; x_wconf 87' lang='lat' dir='ltr'>interoedente</span> <span class='ocrx_word' id='word_1_176' title='bbox 627 2487 759 2546; x_wconf 91' lang='lat' dir='ltr'>membro</span> <span class='ocrx_word' id='word_1_177' title='bbox 787 2507 822 2546; x_wconf 82' lang='lat' dir='ltr'>ex</span> <span class='ocrx_word' id='word_1_178' title='bbox 844 2481 875 2547; x_wconf 81' lang='lat' dir='ltr'>bl</span> <span class='ocrx_word' id='word_1_179' title='bbox 901 2487 1042 2545; x_wconf 89' lang='lat' dir='ltr'>haustum</span> <span class='ocrx_word' id='word_1_180' title='bbox 1069 2505 1139 2545; x_wconf 89' lang='lat' dir='ltr'>esse.</span> <span class='ocrx_word' id='word_1_181' title='bbox 1184 2486 1252 2544; x_wconf 90' lang='lat' dir='ltr'>finis</span> 
     </span>
     <span class='ocr_line' id='line_1_23' title="bbox 242 2569 1252 2652; baseline -0.001 -18"><span class='ocrx_word' id='word_1_182' title='bbox 242 2593 353 2650; x_wconf 89' lang='lat' dir='ltr'>versus,</span> <span class='ocrx_word' id='word_1_183' title='bbox 373 2570 432 2649; x_wconf 90' lang='lat' dir='ltr'>qui</span> <span class='ocrx_word' id='word_1_184' title='bbox 445 2576 490 2632; x_wconf 90' lang='lat' dir='ltr'>est</span> <span class='ocrx_word' id='word_1_185' title='bbox 502 2574 518 2632; x_wconf 95' lang='lat' dir='ltr'>I</span> <span class='ocrx_word' id='word_1_186' title='bbox 532 2577 561 2650; x_wconf 86' lang='lat'>3,</span> <span class='ocrx_word' id='word_1_187' title='bbox 579 2577 628 2651; x_wconf 83' lang='lat'>78,</span> <span class='ocrx_word' id='word_1_188' title='bbox 641 2569 717 2635; x_wconf 78' lang='lat' dir='ltr'>iuli</span> <span class='ocrx_word' id='word_1_189' title='bbox 739 2575 820 2634; x_wconf 88' lang='lat' dir='ltr'>haud</span> <span class='ocrx_word' id='word_1_190' title='bbox 837 2575 925 2635; x_wconf 85' lang='lat' dir='ltr'>faoile</span> <span class='ocrx_word' id='word_1_191' title='bbox 943 2576 1067 2652; x_wconf 86' lang='lat' dir='ltr'>legitur:</span> <span class='ocrx_word' id='word_1_192' title='bbox 1089 2575 1187 2634; x_wconf 83' lang='lat' dir='ltr'>voluit</span> <span class='ocrx_word' id='word_1_193' title='bbox 1203 2574 1252 2634; x_wconf 89' lang='lat' dir='ltr'>vel</span> 
     </span>
     <span class='ocr_line' id='line_1_24' title="bbox 244 2659 1252 2741; baseline -0.001 -18"><span class='ocrx_word' id='word_1_194' title='bbox 244 2663 348 2723; x_wconf 85' lang='lat' dir='ltr'>debuit</span> <span class='ocrx_word' id='word_1_195' title='bbox 369 2663 509 2722; x_wconf 86' lang='lat' dir='ltr'>librarius</span> <span class='ocrx_word' id='word_1_196' title='bbox 532 2664 657 2723; x_wconf 88' lang='lat' dir='ltr'>seribere</span> <span class='ocrx_word' id='word_1_197' title='bbox 681 2659 806 2741; x_wconf 73' lang='lat' dir='ltr'>‘lyeeis’,</span> <span class='ocrx_word' id='word_1_198' title='bbox 829 2665 880 2723; x_wconf 91' lang='lat' dir='ltr'>sed</span> <span class='ocrx_word' id='word_1_199' title='bbox 906 2665 951 2723; x_wconf 88' lang='lat' dir='ltr'>ita</span> <span class='ocrx_word' id='word_1_200' title='bbox 977 2665 1096 2724; x_wconf 88' lang='lat' dir='ltr'>litterae</span> <span class='ocrx_word' id='word_1_201' title='bbox 1124 2664 1252 2739; x_wconf 80' lang='lat' dir='ltr'>scriptae</span> 
     </span>
     <span class='ocr_line' id='line_1_25' title="bbox 245 2747 1254 2831; baseline -0.001 -19"><span class='ocrx_word' id='word_1_202' title='bbox 245 2755 323 2828; x_wconf 90' lang='lat' dir='ltr'>sunt,</span> <span class='ocrx_word' id='word_1_203' title='bbox 345 2754 380 2811; x_wconf 93' lang='lat' dir='ltr'>ut</span> <span class='ocrx_word' id='word_1_204' title='bbox 403 2747 513 2813; x_wconf 75' lang='lat' dir='ltr'>‘breis&#39;</span> <span class='ocrx_word' id='word_1_205' title='bbox 534 2755 637 2830; x_wconf 86' lang='lat' dir='ltr'>posset</span> <span class='ocrx_word' id='word_1_206' title='bbox 657 2754 731 2831; x_wconf 90' lang='lat' dir='ltr'>legi,</span> <span class='ocrx_word' id='word_1_207' title='bbox 755 2753 780 2812; x_wconf 91' lang='lat' dir='ltr'>si</span> <span class='ocrx_word' id='word_1_208' title='bbox 808 2753 874 2828; x_wconf 90' lang='lat' dir='ltr'>quis</span> <span class='ocrx_word' id='word_1_209' title='bbox 896 2772 956 2813; x_wconf 92' lang='lat' dir='ltr'>non</span> <span class='ocrx_word' id='word_1_210' title='bbox 978 2754 1072 2812; x_wconf 90' lang='lat' dir='ltr'>nimia</span> <span class='ocrx_word' id='word_1_211' title='bbox 1095 2753 1254 2830; x_wconf 89' lang='lat' dir='ltr'>diligentia</span> 
     </span>
     <span class='ocr_line' id='line_1_26' title="bbox 241 2836 1253 2919; baseline -0.001 -19"><span class='ocrx_word' id='word_1_212' title='bbox 241 2843 389 2901; x_wconf 87' lang='lat' dir='ltr'>utebatur.</span> <span class='ocrx_word' id='word_1_213' title='bbox 434 2843 513 2901; x_wconf 88' lang='lat' dir='ltr'>unde</span> <span class='ocrx_word' id='word_1_214' title='bbox 544 2843 576 2900; x_wconf 89' lang='lat' dir='ltr'>in</span> <span class='ocrx_word' id='word_1_215' title='bbox 608 2843 706 2902; x_wconf 87' lang='lat' dir='ltr'>oodioe</span> <span class='ocrx_word' id='word_1_216' title='bbox 732 2836 768 2919; x_wconf 77' lang='lat' dir='ltr'>F,</span> <span class='ocrx_word' id='word_1_217' title='bbox 796 2861 883 2918; x_wconf 90' lang='lat' dir='ltr'>quem</span> <span class='ocrx_word' id='word_1_218' title='bbox 915 2863 951 2901; x_wconf 85' lang='lat' dir='ltr'>ex</span> <span class='ocrx_word' id='word_1_219' title='bbox 984 2843 1049 2918; x_wconf 92' lang='lat' dir='ltr'>ipso</span> <span class='ocrx_word' id='word_1_220' title='bbox 1081 2842 1253 2900; x_wconf 85' lang='lat' dir='ltr'>Matritensi</span> 
     </span>
     <span class='ocr_line' id='line_1_27' title="bbox 242 2924 1254 3013; baseline 0 -25"><span class='ocrx_word' id='word_1_221' title='bbox 242 2931 359 2989; x_wconf 82' lang='lat' dir='ltr'>fluxisse</span> <span class='ocrx_word' id='word_1_222' title='bbox 387 2931 466 2989; x_wconf 87' lang='lat' dir='ltr'>infra</span> <span class='ocrx_word' id='word_1_223' title='bbox 493 2930 667 3006; x_wconf 83' lang='lat' dir='ltr'>probabitur</span> <span class='ocrx_word' id='word_1_224' title='bbox 697 2924 748 3013; x_wconf 85' lang='lat' dir='ltr'>(of.</span> <span class='ocrx_word' id='word_1_225' title='bbox 773 2930 864 2991; x_wconf 76' lang='lat' dir='ltr'>Clark</span> <span class='ocrx_word' id='word_1_226' title='bbox 890 2931 909 2990; x_wconf 92' lang='lat' dir='ltr'>l.</span> <span class='ocrx_word' id='word_1_227' title='bbox 928 2933 948 2990; x_wconf 93' lang='lat' dir='ltr'>l.</span> <span class='ocrx_word' id='word_1_228' title='bbox 971 2951 999 3007; x_wconf 94' lang='lat' dir='ltr'>p.</span> <span class='ocrx_word' id='word_1_229' title='bbox 1016 2924 1108 3012; x_wconf 81' lang='lat'>128),</span> <span class='ocrx_word' id='word_1_230' title='bbox 1139 2930 1254 3007; x_wconf 90' lang='lat' dir='ltr'>legitur</span> 
     </span>
     <span class='ocr_line' id='line_1_28' title="bbox 242 3011 1253 3097; baseline 0.003 -20"><span class='ocrx_word' id='word_1_231' title='bbox 242 3037 346 3094; x_wconf 88' lang='lat' dir='ltr'>reapse</span> <span class='ocrx_word' id='word_1_232' title='bbox 370 3014 479 3078; x_wconf 74' lang='lat' dir='ltr'>‘breis&#39;.</span> <span class='ocrx_word' id='word_1_233' title='bbox 515 3019 595 3078; x_wconf 91' lang='lat' dir='ltr'>idem</span> <span class='ocrx_word' id='word_1_234' title='bbox 616 3021 648 3079; x_wconf 90' lang='lat' dir='ltr'>in</span> <span class='ocrx_word' id='word_1_235' title='bbox 670 3020 840 3079; x_wconf 84' lang='lat' dir='ltr'>Matritensi</span> <span class='ocrx_word' id='word_1_236' title='bbox 862 3020 978 3097; x_wconf 86' lang='lat' dir='ltr'>legerat</span> <span class='ocrx_word' id='word_1_237' title='bbox 1001 3021 1052 3096; x_wconf 90' lang='lat' dir='ltr'>qui</span> <span class='ocrx_word' id='word_1_238' title='bbox 1075 3020 1206 3079; x_wconf 81' lang='lat' dir='ltr'>codicem</span> <span class='ocrx_word' id='word_1_239' title='bbox 1226 3011 1253 3080; x_wconf 92' lang='lat' dir='ltr'><strong>G</strong></span> 
     </span>
     <span class='ocr_line' id='line_1_29' title="bbox 243 3107 1252 3187; baseline 0 -21"><span class='ocrx_word' id='word_1_240' title='bbox 243 3109 384 3168; x_wconf 83' lang='lat' dir='ltr'>exaravit.</span> <span class='ocrx_word' id='word_1_241' title='bbox 430 3107 509 3182; x_wconf 90' lang='lat' dir='ltr'>quod</span> <span class='ocrx_word' id='word_1_242' title='bbox 537 3127 603 3166; x_wconf 89' lang='lat' dir='ltr'>oum</span> <span class='ocrx_word' id='word_1_243' title='bbox 629 3109 717 3167; x_wconf 90' lang='lat' dir='ltr'>nihili</span> <span class='ocrx_word' id='word_1_244' title='bbox 744 3127 807 3167; x_wconf 91' lang='lat' dir='ltr'>esse</span> <span class='ocrx_word' id='word_1_245' title='bbox 835 3111 1025 3187; x_wconf 87' lang='lat' dir='ltr'>eognosoeret</span> <span class='ocrx_word' id='word_1_246' title='bbox 1047 3129 1083 3167; x_wconf 85' lang='lat' dir='ltr'>ex</span> <span class='ocrx_word' id='word_1_247' title='bbox 1104 3109 1159 3168; x_wconf 82' lang='lat' dir='ltr'>vili</span> <span class='ocrx_word' id='word_1_248' title='bbox 1183 3126 1252 3168; x_wconf 87' lang='lat' dir='ltr'>eon-</span> 
     </span>
     <span class='ocr_line' id='line_1_30' title="bbox 242 3191 1253 3271; baseline 0.004 -17"><span class='ocrx_word' id='word_1_249' title='bbox 242 3197 356 3256; x_wconf 88' lang='lat' dir='ltr'>ieotura</span> <span class='ocrx_word' id='word_1_250' title='bbox 379 3195 535 3255; x_wconf 88' lang='lat' dir='ltr'>substituit</span> <span class='ocrx_word' id='word_1_251' title='bbox 556 3191 684 3271; x_wconf 75' lang='lat' dir='ltr'>‘beatis&#39;,</span> <span class='ocrx_word' id='word_1_252' title='bbox 708 3197 759 3256; x_wconf 91' lang='lat' dir='ltr'>sed</span> <span class='ocrx_word' id='word_1_253' title='bbox 787 3196 903 3255; x_wconf 86' lang='lat' dir='ltr'>addidit</span> <span class='ocrx_word' id='word_1_254' title='bbox 929 3199 1033 3256; x_wconf 88' lang='lat' dir='ltr'>statim</span> <span class='ocrx_word' id='word_1_255' title='bbox 1059 3199 1145 3256; x_wconf 80' lang='lat' dir='ltr'>iuxta</span> <span class='ocrx_word' id='word_1_256' title='bbox 1173 3197 1253 3258; x_wconf 85' lang='lat' dir='ltr'>bano</span> 
     </span>
     <span class='ocr_line' id='line_1_31' title="bbox 243 3279 1249 3362; baseline -0.001 -17"><span class='ocrx_word' id='word_1_257' title='bbox 243 3304 345 3345; x_wconf 84' lang='lat' dir='ltr'>vocem</span> <span class='ocrx_word' id='word_1_258' title='bbox 369 3279 478 3344; x_wconf 72' lang='lat' dir='ltr'>‘breis’.</span> <span class='ocrx_word' id='word_1_259' title='bbox 511 3285 615 3344; x_wconf 90' lang='lat' dir='ltr'>deinde</span> <span class='ocrx_word' id='word_1_260' title='bbox 639 3305 705 3345; x_wconf 89' lang='lat' dir='ltr'>oum</span> <span class='ocrx_word' id='word_1_261' title='bbox 725 3305 800 3361; x_wconf 89' lang='lat' dir='ltr'>quae</span> <span class='ocrx_word' id='word_1_262' title='bbox 825 3287 984 3362; x_wconf 81' lang='lat' dir='ltr'>scripserat</span> <span class='ocrx_word' id='word_1_263' title='bbox 1005 3287 1190 3345; x_wconf 88' lang='lat' dir='ltr'>examinaret</span> <span class='ocrx_word' id='word_1_264' title='bbox 1211 3318 1249 3328; x_wconf 92' lang='lat'>-—</span> 
     </span>
     <span class='ocr_line' id='line_1_32' title="bbox 242 3373 1253 3450; baseline 0 -17"><span class='ocrx_word' id='word_1_265' title='bbox 242 3376 307 3433; x_wconf 86' lang='lat' dir='ltr'>toto</span> <span class='ocrx_word' id='word_1_266' title='bbox 331 3374 437 3449; x_wconf 91' lang='lat' dir='ltr'>opinor</span> <span class='ocrx_word' id='word_1_267' title='bbox 459 3373 558 3433; x_wconf 89' lang='lat' dir='ltr'>oodioe</span> <span class='ocrx_word' id='word_1_268' title='bbox 581 3374 712 3450; x_wconf 82' lang='lat' dir='ltr'>perfeeto</span> <span class='ocrx_word' id='word_1_269' title='bbox 725 3375 944 3434; x_wconf 87' lang='lat' dir='ltr'>—simillimis</span> <span class='ocrx_word' id='word_1_270' title='bbox 966 3375 1136 3434; x_wconf 87' lang='lat' dir='ltr'>litterarum</span> <span class='ocrx_word' id='word_1_271' title='bbox 1157 3375 1253 3434; x_wconf 86' lang='lat' dir='ltr'>linea-</span> 
     </span>
     <span class='ocr_line' id='line_1_33' title="bbox 242 3462 1253 3539; baseline 0.001 -18"><span class='ocrx_word' id='word_1_272' title='bbox 242 3462 350 3522; x_wconf 90' lang='lat' dir='ltr'>mentis</span> <span class='ocrx_word' id='word_1_273' title='bbox 374 3463 534 3537; x_wconf 89' lang='lat' dir='ltr'>eodemque</span> <span class='ocrx_word' id='word_1_274' title='bbox 557 3465 592 3521; x_wconf 90' lang='lat' dir='ltr'>ut</span> <span class='ocrx_word' id='word_1_275' title='bbox 614 3463 732 3522; x_wconf 83' lang='lat' dir='ltr'>videtur</span> <span class='ocrx_word' id='word_1_276' title='bbox 755 3467 931 3539; x_wconf 86' lang='lat' dir='ltr'>atramento,</span> <span class='ocrx_word' id='word_1_277' title='bbox 950 3463 1002 3523; x_wconf 90' lang='lat' dir='ltr'>sed</span> <span class='ocrx_word' id='word_1_278' title='bbox 1019 3464 1178 3539; x_wconf 90' lang='lat' dir='ltr'>pallidiore</span> <span class='ocrx_word' id='word_1_279' title='bbox 1197 3464 1253 3522; x_wconf 89' lang='lat' dir='ltr'>ali·</span> 
     </span>
     <span class='ocr_line' id='line_1_34' title="bbox 243 3545 1252 3628; baseline 0.001 -18"><span class='ocrx_word' id='word_1_280' title='bbox 243 3552 436 3627; x_wconf 87' lang='lat' dir='ltr'>quantillum,</span> <span class='ocrx_word' id='word_1_281' title='bbox 466 3551 576 3611; x_wconf 80' lang='lat' dir='ltr'>delevit</span> <span class='ocrx_word' id='word_1_282' title='bbox 603 3545 704 3610; x_wconf 73' lang='lat' dir='ltr'>‘breis&#39;</span> <span class='ocrx_word' id='word_1_283' title='bbox 728 3556 759 3611; x_wconf 89' lang='lat' dir='ltr'>et</span> <span class='ocrx_word' id='word_1_284' title='bbox 790 3547 897 3627; x_wconf 68' lang='lat' dir='ltr'>‘liceis&#39;</span> <span class='ocrx_word' id='word_1_285' title='bbox 925 3553 1068 3628; x_wconf 86' lang='lat' dir='ltr'>adpinxit.</span> <span class='ocrx_word' id='word_1_286' title='bbox 1113 3553 1192 3612; x_wconf 89' lang='lat' dir='ltr'>unde</span> <span class='ocrx_word' id='word_1_287' title='bbox 1219 3554 1252 3611; x_wconf 88' lang='lat' dir='ltr'>in</span> 
     </span>
     <span class='ocr_line' id='line_1_35' title="bbox 241 3634 1253 3717; baseline 0.002 -19"><span class='ocrx_word' id='word_1_288' title='bbox 241 3641 403 3716; x_wconf 85' lang='lat' dir='ltr'>exemplari</span> <span class='ocrx_word' id='word_1_289' title='bbox 425 3641 488 3700; x_wconf 88' lang='lat' dir='ltr'>eius</span> <span class='ocrx_word' id='word_1_290' title='bbox 507 3634 623 3717; x_wconf 73' lang='lat' dir='ltr'>‘lyaeis&#39;</span> <span class='ocrx_word' id='word_1_291' title='bbox 646 3641 694 3700; x_wconf 89' lang='lat' dir='ltr'>vel</span> <span class='ocrx_word' id='word_1_292' title='bbox 713 3637 819 3701; x_wconf 73' lang='lat' dir='ltr'>‘liceis&#39;</span> <span class='ocrx_word' id='word_1_293' title='bbox 842 3642 887 3700; x_wconf 89' lang='lat' dir='ltr'>ita</span> <span class='ocrx_word' id='word_1_294' title='bbox 909 3643 1053 3717; x_wconf 86' lang='lat' dir='ltr'>seriptum</span> <span class='ocrx_word' id='word_1_295' title='bbox 1076 3661 1137 3701; x_wconf 91' lang='lat' dir='ltr'>esse</span> <span class='ocrx_word' id='word_1_296' title='bbox 1156 3642 1253 3700; x_wconf 84' lang='lat' dir='ltr'>mani-</span> 
     </span>
     <span class='ocr_line' id='line_1_36' title="bbox 240 3725 1253 3808; baseline 0.003 -21"><span class='ocrx_word' id='word_1_297' title='bbox 240 3729 350 3788; x_wconf 81' lang='lat' dir='ltr'>festum</span> <span class='ocrx_word' id='word_1_298' title='bbox 375 3733 428 3806; x_wconf 90' lang='lat' dir='ltr'>est,</span> <span class='ocrx_word' id='word_1_299' title='bbox 450 3734 485 3790; x_wconf 92' lang='lat' dir='ltr'>ut</span> <span class='ocrx_word' id='word_1_300' title='bbox 504 3725 604 3790; x_wconf 79' lang='lat' dir='ltr'>‘breis’</span> <span class='ocrx_word' id='word_1_301' title='bbox 628 3730 737 3806; x_wconf 89' lang='lat' dir='ltr'>aliquis</span> <span class='ocrx_word' id='word_1_302' title='bbox 759 3731 858 3808; x_wconf 86' lang='lat' dir='ltr'>legere</span> <span class='ocrx_word' id='word_1_303' title='bbox 880 3734 994 3807; x_wconf 82' lang='lat' dir='ltr'>posset:</span> <span class='ocrx_word' id='word_1_304' title='bbox 1017 3751 1054 3790; x_wconf 91' lang='lat' dir='ltr'>en</span> <span class='ocrx_word' id='word_1_305' title='bbox 1075 3731 1170 3806; x_wconf 89' lang='lat' dir='ltr'>ipsius</span> <span class='ocrx_word' id='word_1_306' title='bbox 1188 3730 1253 3790; x_wconf 82' lang='lat' dir='ltr'>Ma-</span> 
     </span>
    </p>
   </div>
   <div class='ocr_carea' id='block_1_5' title="bbox 0 0 1468 4192">
    <p class='ocr_par' dir='ltr' id='par_1_6' title="bbox 0 0 1468 4192">
     <span class='ocr_line' id='line_1_37' title="bbox 0 0 1468 4192; baseline 0 0"><span class='ocrx_word' id='word_1_307' title='bbox 0 0 1468 4192; x_wconf 95' lang='lat' dir='ltr'> </span> 
     </span>
    </p>
   </div>
  </div>
 </body>
</html>
