2925 4192
520 355 706 410 snvnnun
723 354 754 409 n.
769 354 855 423 1v,c.

291 523 363 566 cum
387 503 425 565 tu
448 500 567 566 sodalis
590 499 682 565 dissce
704 500 885 584 periculum

291 589 420 656 conisus
444 589 532 655 omni
554 593 686 672 pectore
709 588 855 672 tolleres,
950 640 951 645 1

335 682 373 743 ut
396 675 511 745 Castor
533 678 575 742 ad
597 682 730 743 cunctos
752 677 913 742 tremebat

378 767 557 851 Bebryciae
581 767 737 852 strepitus
760 767 906 831 harenae.

288 913 363 974 tene
387 909 421 974 in
444 910 576 975 remotis
600 908 753 994 Syrtibus
775 909 846 972 aria

287 998 402 1082 Leptis
426 999 567 1064 crearit?
603 999 669 1063 iam
690 999 774 1063 feret
796 996 921 1061 Indicas

334 1109 454 1153 messes
476 1088 682 1172 odoratisque
705 1109 778 1151 rara

378 1176 526 1243 cinnama
548 1175 726 1261 praeripiet
748 1174 889 1241 Sabaeis,

288 1318 450 1403 quianon
472 1319 508 1383 in
530 1318 618 1384 omni
640 1316 760 1382 vertice
782 1316 913 1382 Romuli

289 1411 435 1493 reptasse
458 1407 584 1473 dulcem
607 1405 802 1491 Septimium
824 1404 941 1489 putet?

334 1496 407 1581 quis
429 1496 519 1562 fonte
541 1495 695 1562 Iuturnae
719 1494 842 1560 relictis

378 1585 534 1650 uberibus
557 1588 656 1672 neget
678 1606 748 1649 esse
771 1582 921 1668 pastum?

290 1715 350 1790 nec
373 1726 454 1791 mira
476 1726 592 1791 virtus:
628 1727 777 1811 protinus
799 1725 969 1792 Ausonum

290 1819 405 1899 portus
427 1815 563 1879 vadosae
586 1814 713 1878 nescius
736 1814 866 1879 Africae

335 1902 437 1967 intras
459 1903 694 1989 adoptatusque
717 1902 829 1967 Tuscis

288 2081 291 2086 Α
379 1991 571 2078 gurgitibus
588 2013 670 2075 puer
692 1991 855 2056 innatasti.

288 2133 365 2198 hinc
384 2156 507 2219 parvius
528 2134 614 2199 inter
636 2134 775 2221 pignora
798 2132 904 2198 curiae

287 2226 461 2288 contentus
482 2224 614 2309 <artae>
636 2223 758 2287 lumine
781 2244 944 2307 purpurae

334 2312 463 2395 crescis,
486 2312 543 2377 sed
565 2312 740 2377 immensos
761 2311 890 2381 labores

378 2401 486 2467 indole
508 2401 647 2485 patricia
670 2404 808 2466 secutus.

288 2566 354 2609 non
377 2565 482 2608 sermo
504 2542 645 2629 Poenus,
665 2565 733 2608 non
756 2542 888 2608 habitus
910 2542 987 2627 tibi,

290 2636 423 2696 externa
445 2654 510 2697 non
532 2654 636 2697 mens:
671 2630 787 2718 Italus,
809 2629 920 2695 Italus.

334 2724 410 2785 sunt
431 2719 523 2785 Urbe
544 2719 764 2805 Romanisque
787 2719 916 2804 turmis,

379 2808 435 2893 qui
458 2807 596 2891 Libyam
619 2809 751 2872 deceant
775 2806 904 2871 alumni.

290 2954 340 3015 est
363 2954 396 3015 et
418 2949 568 3014 frementi
590 2971 653 3014 vox
675 2948 789 3013 hilaris
811 2949 896 3032 foro,

289 3039 401 3104 venale
424 3038 568 3104 sednon
591 3038 756 3123 eloquium
779 3036 856 3123 tibi3

334 3128 485 3212 ensisque
507 3127 624 3214 vagina
647 3126 797 3211 quiescit,

378 3216 536 3303 stringere
559 3216 593 3280 ni
617 3215 750 3280 iubeant
773 3216 876 3280 amici.

183 3355 321 3362 ——-
331 3354 397 3359 -..-

254 3436 288 3484 28
321 3427 454 3499 strepitus
490 3425 628 3482 hamnm:
665 3426 788 3497 crepitus
824 3426 953 3481 habenae
990 3427 1125 3483 Sctnnder

183 3503 362 3571 acceptasse
381 3516 411 3558 s:
430 3499 569 3570 Raptasse
663 3502 698 3552 38
715 3498 827 3553 nescius
846 3499 998 3554 Acontius:
1017 3496 1125 3552 nesciet

183 3578 217 3626 42
232 3575 310 3627 artae
320 3572 516 3626 Burmannus:
530 3588 580 3625 orn,
594 3571 654 3625 siue
667 3570 732 3625 luc:
752 3572 813 3625 arto
831 3570 974 3625 Turnebus
1026 3573 1061 3623 47
1075 3567 1151 3622 Urbe
1166 3586 1195 3628 e:

181 3642 282 3698 turbae
372 3646 406 3695 48
424 3640 528 3697 libram
616 3645 651 3694 ,49
669 3640 783 3697 hilaris:
813 3639 923 3695 habilis
939 3639 1124 3695 Marktaudns

183 3720 217 3769 52
235 3713 266 3767 ni
284 3731 313 3773 5:
332 3730 367 3768 ne
975 3754 977 3759 ,
1097 3726 1100 3733 ’
