2925 4192
237 361 349 417 LXXVI
638 359 843 415 PRAEFATIO

237 516 355 572 autem
386 512 481 571 binis
513 503 728 593 columnis.¹)
774 511 905 574 codicem
935 506 1074 573 illumX
1105 513 1251 572 continua

238 603 386 678 scriptura
410 604 563 660 exaratum
585 600 676 659 baisse
698 599 818 661 ridetur
840 600 1038 662 demonstrari
1059 619 1094 660 eo
1118 601 1198 677 quod
1215 603 1252 660 in

237 691 337 768 prima
358 691 536 766 praesertim
557 687 744 767 praefatione
766 689 863 750 multa
884 691 963 750 male
990 690 1126 750 coaluere
1148 689 1256 765 rerbag.

237 779 391 854 multaque
413 779 490 838 falso
514 780 583 838 sunt
606 777 755 837 distincta.
792 780 824 837 in
847 780 943 839 altera
963 779 1149 855 praefatione
1166 778 1254 838 ride-

237 871 288 927 tur
300 867 440 927 librarius
454 867 611 928 retinuisse
621 886 760 927 versuum
769 868 1002 944 distributiones,
1012 868 1114 944 quales
1126 867 1252 926 fuenrnt

238 957 271 1015 in
290 957 459 1032 exemplari.
504 974 576 1014 nam
597 955 674 1015 sieut
696 955 728 1014 in
751 957 945 1032 hexametris,
963 956 1088 1015 fluctuat
1109 973 1252 1016 versuum

239 1045 368 1106 ambitus
391 1064 444 1104 neo
467 1062 527 1104 non
549 1046 902 1120 uniuscuiusqueversus
920 1044 1040 1103 initium
1060 1062 1171 1122 magna
1192 1044 1250 1102 ini-

239 1135 307 1194 itali
330 1135 505 1194 exornatum
528 1136 580 1194 est.
617 1135 704 1193 huius
726 1135 771 1192 rei
794 1134 885 1192 etiam
907 1134 968 1193 alia
986 1135 1104 1192 exstant
1120 1133 1253 1210 vestigia

239 1224 272 1282 in
293 1222 542 1300 praefationibus,
566 1242 590 1281 e.
609 1243 637 1300 g.
660 1223 692 1280 in
720 1225 828 1297 quarta
853 1222 1039 1299 praefatione
1067 1239 1103 1280 ex
1128 1220 1253 1283 vocibus

241 1311 383 1388 disruptis
412 1312 443 1370 et
472 1311 640 1370 initialibus
667 1312 784 1388 magnis
814 1311 863 1370 hie
890 1311 953 1370 illic
979 1310 1085 1387 positis
1111 1328 1251 1370 versuum

240 1401 329 1459 initia
351 1401 521 1460 coniectura
543 1399 685 1477 indagare
707 1399 786 1460 lieet.
831 1398 995 1458 transcribo
1024 1399 1063 1458 ad
1089 1399 1166 1458 hanc
1187 1417 1252 1457 rem

240 1488 450 1549 illustrandam
471 1489 585 1565 primos
607 1507 724 1548 versus:

245 1601 247 1608 ·
285 1578 390 1638 Inveni
412 1577 523 1636 librum
543 1577 682 1636 marcelle
704 1576 855 1637 carissime
878 1594 965 1653 quem
988 1577 1097 1652 pietati

286 1667 367 1725 Tuae
391 1666 552 1725 didicerem
573 1684 640 1724 reor
662 1665 800 1741 equidem
821 1665 912 1724 aliter
934 1684 1024 1741 quam
1045 1658 1148 1786 inr02

287 1758 354 1815 cato
376 1755 496 1814 numine
518 1755 681 1814 maximum
703 1755 893 1832 imperatoris
914 1754 1032 1813 nullum
1054 1747 1159 1837 opus)

287 1845 387 1904 culum
409 1863 508 1902 meum
530 1843 660 1920 coepisse
684 1843 736 1903 sed
758 1842 806 1902 hic
828 1842 904 1902 liber
925 1845 986 1903 tres
1009 1843 1101 1902 habet

289 2041 319 2082 se
343 2040 434 2098 quam
457 2020 536 2097 quod
559 2023 667 2096 quarta
690 2021 728 2080 ad
750 2021 892 2080 honorem
914 2024 1000 2079 tuum
1021 2021 1161 2097 pertinet.

290 2110 391 2170 Primo
415 2112 515 2169 autem
538 2109 699 2187 septimum
721 2109 868 2168 decimum
893 2110 1056 2187 germanici
1077 2103 1122 2174 ffrr

290 2200 478 2260 consulatum
501 2199 624 2258 adoravi
647 2198 774 2258 secundo
798 2199 912 2275 gratias
934 2199 984 2276 egi
1006 2189 1164 2280 sacratis²)
1252 2223 1259 2229 „

289 2289 371 2347 simis
395 2288 456 2346 eius
481 2287 575 2362 epulis
598 2288 773 2346 honoratus.

244 2376 296 2436 sed
314 2378 468 2435 mittamus
486 2376 559 2434 haec
577 2395 613 2434 ne
636 2375 751 2453 ingenii
768 2375 867 2434 lusum
885 2375 966 2435 ultra
984 2375 1117 2435 debitum
1133 2375 1256 2434 modum

245 2482 457 2544 propagemus:
480 2482 573 2522 unum
595 2463 705 2523 adnoto
727 2463 946 2542 longitudinem
975 2466 1096 2524 illorum
1117 2483 1257 2524 versuum

246 2573 337 2629 quam
357 2555 389 2612 in
409 2547 441 2613 X
462 2549 553 2612 fuisse
577 2552 750 2628 statuimus,
774 2553 919 2629 quadrare
942 2554 981 2612 ad
1006 2554 1172 2613 hexametri
1194 2573 1260 2613 am·

245 2642 349 2702 bitum.

313 2731 443 2791 codicem
463 2724 495 2790 X
512 2733 542 2789 et
563 2731 596 2788 in
618 2731 705 2789 initio
734 2734 765 2791 et
791 2732 824 2790 in
850 2730 908 2790 fine
937 2732 999 2790 situ
1021 2730 1144 2792 adesum
1164 2730 1261 2789 fuisse

247 2820 419 2880 concludere
442 2820 520 2878 lieet.
566 2837 636 2878 nam
664 2821 695 2878 et
721 2821 828 2881 titulus
854 2819 946 2896 primi
971 2819 1042 2879 libri
1068 2821 1100 2879 in
1123 2839 1157 2879 eo
1181 2818 1259 2878 desi·

246 2908 407 2968 derabatur
429 2910 459 2967 et
480 2907 548 2968 finis
570 2909 684 2984 primae
706 2909 835 2988 paginae
857 2909 977 2969 videtur
1002 2928 1125 2970 mancus
1152 2909 1258 2969 fuisse:

246 2999 360 3072 primae
382 2996 577 3072 praefationis
601 2999 732 3056 extrema
754 3015 825 3074 pars
846 2998 945 3075 periit.
986 3019 1040 3059 nec
1062 3018 1123 3058 non
1144 2999 1177 3057 in
1197 2997 1259 3054 fine

247 3085 317 3144 libri
339 3085 415 3143 situs
438 3088 556 3144 exstant
574 3086 703 3164 vestigia
720 3106 823 3148 versus
844 3088 946 3147 mutili
963 3087 992 3144 V
1007 3089 1036 3166 5,
1051 3089 1189 3146 24—27.
1206 3084 1256 3142 76.

320 3221 346 3289 1)
364 3217 438 3271 binis
466 3217 601 3272 columnis
630 3219 654 3273 si
679 3219 836 3274 hexametri
862 3235 974 3288 quoque
1001 3219 1109 3274 exarati
1134 3218 1257 3284 fuerunt,

247 3289 495 3345 breviter'adnoto
518 3290 559 3344 sic
582 3306 629 3344 eas
657 3291 776 3359 scriptas
798 3289 898 3358 fuisse,
923 3291 956 3343 ut
981 3306 1038 3343 non
1065 3289 1136 3344 alter
1161 3304 1258 3341 versus

249 3361 371 3430 sinistra,
386 3359 458 3416 alter
475 3361 573 3415 dextra
591 3363 720 3429 exstaret,
736 3361 786 3416 sed
801 3365 834 3417 ut
846 3361 968 3431 priorem
980 3359 1111 3414 librarius
1125 3360 1258 3429 expleret,

249 3435 401 3500 antequam
428 3432 546 3486 alteram
574 3431 674 3487 adiret.
710 3433 777 3488 hinc
809 3433 985 3503 explicantur
1011 3447 1115 3485 errores
1142 3430 1203 3498 11,
1223 3435 1257 3484 5‘1

250 3503 362 3558 ‘humus
381 3505 494 3570 aeterna
512 3503 623 3572 crepido
646 3519 699 3557 nec
720 3503 793 3558 ferro
812 3506 862 3558 aut
880 3519 944 3557 aere
961 3502 1102 3557 laborant'
1118 3501 1173 3556 etl
1187 3506 1258 3569 ew

251 3575 357 3630 ‘timuit
370 3573 527 3644 pamphilia
539 3573 633 3643 ‚fugaci
651 3576 777 3643 messes',
788 3574 838 3628 ubi
856 3573 1003 3628 scribentis
1017 3573 1091 3627 oculi
1109 3573 1147 3625 ad
1165 3572 1261 3641 proxi-

249 3663 326 3699 mum
343 3661 453 3699 versum
470 3645 674 3701 aberraierant.
712 3645 747 3699 cf.
766 3646 852 3699 etiam
869 3645 921 3713 14,
936 3650 971 3698 86
986 3662 1025 3712 sq.

322 3718 349 3788 2)
366 3719 435 3772 nota
452 3716 499 3771 hic
516 3715 664 3770 librarium
681 3717 722 3768 1¹
740 3715 814 3769 male
831 3715 916 3769 verba
935 3715 1109 3770 dismaxisse!
