2925 4192
553 332 738 387 snvraun
756 332 886 401 uma.
1181 330 1222 395 83

215 482 327 543 nostra
346 499 473 561 quoque
492 477 640 561 exemplo
658 476 793 541 meritus
811 476 874 541 tibi
892 476 1032 541 carmina
1050 476 1152 541 sancit
1172 492 1222 541 arc

216 568 278 632 hoc
301 566 398 631 etiam
421 566 563 651 gaudens
586 566 725 631 cinerem
748 565 881 630 donasse
905 565 1060 649 sepulcro.

691 813 746 878 IV.

511 952 651 1007 GAPlLLI
668 952 779 1006 FLAVI
797 950 931 1007 EARINI.

281 1080 340 1165 lte,
361 1102 479 1166 comae,
497 1079 687 1164 facilemque
709 1101 826 1163 precor
847 1079 1055 1145 transcurrite
1073 1084 1220 1166 pontum,

213 1169 259 1232 ite
282 1172 437 1237 coronato
456 1169 647 1235 recubantes
668 1168 812 1233 molliter
835 1190 926 1253 auro3

78 1261 79 1306 ἰ
213 1258 272 1342 ite,
295 1257 386 1323 dabit
408 1280 521 1326 curan
541 1258 631 1323 mitis
654 1256 814 1341 Cytherea
838 1258 992 1323 secundos

77 1359 78 1364 ’
213 1346 421 1431 placabitque
443 1352 551 1427 notos,
574 1347 641 1413 fors
664 1350 697 1410 et
720 1347 759 1410 de
782 1358 894 1431 puppe
916 1346 1058 1411 timenda

213 1437 385 1501 transferet
406 1436 505 1521 inque
528 1458 586 1500 sna
608 1436 703 1501 ducet
726 1458 824 1520 super
846 1457 985 1520 aequora
1008 1436 1136 1501 concha.
1204 1452 1220 1501 5

75 1584 79 1624 Ι,
214 1524 323 1608 accipe
345 1524 505 1612 laudatos,
527 1525 653 1591 iuvenis
674 1524 851 1609 Phoebeie,
873 1524 990 1609 crines,

75 1650 78 1696 ξ
213 1634 294 1697 quos
317 1613 380 1678 tibi
403 1613 575 1679 Caesareus
599 1613 697 1679 donat
719 1636 816 1701 puer,
838 1613 946 1698 accipe
968 1613 1072 1678 laetus

212 1701 405 1787 intonsoque
427 1703 561 1768 ostende
583 1702 679 1788 patri.
724 1704 794 1769 sine
817 1702 908 1767 dulce
930 1702 1071 1767 nitentes

213 1794 377 1875 comparet
398 1795 497 1875 atqua
520 1791 575 1855 diu
598 1791 708 1855 fratris
730 1795 825 1875 putet
848 1813 917 1855 esse
939 1791 1046 1875 Lyaei.

211 1879 321 1944 forsan
339 1884 372 1944 et
390 1880 460 1964 ipse
479 1901 588 1945 comae
605 1900 782 1962 numquam
799 1879 940 1945 labentis
957 1879 1113 1945 honorem
1187 1899 1219 1945 10

211 1972 390 2052 praemetet
412 1971 509 2053 atque
532 1967 596 2031 alio
618 1968 744 2031 clusum
767 1967 828 2032 tibi
852 1971 953 2050 ponet
974 1968 1009 2033 in
1031 1990 1117 2033 auro.

277 2056 447 2143 Pergama,
469 2056 608 2141 pinifera
629 2054 769 2123 multum
791 2055 916 2121 felicior
938 2054 1006 2121 Ida!

211 2146 267 2209 illa
290 2145 367 2211 lieet
389 2168 496 2211 sacrae
518 2145 646 2230 placeat
668 2144 733 2209 sibi
755 2145 843 2211 nube
865 2144 997 2229 rapinae

210 2272 255 2280 —
271 2257 387 2319 nempe
406 2234 495 2299 dedit
512 2234 639 2319 superis
656 2233 758 2318 illum,
777 2256 872 2318 quem
891 2233 1021 2299 turbida
1039 2256 1165 2319 semper

210 2322 290 2388 luno
308 2323 397 2389 videt
413 2324 598 2410 refugitque
616 2344 747 2390 manum
764 2328 937 2407 nectarque
955 2327 1081 2388 recusat
1100 2362 1155 2408 —-,
1184 2340 1218 2389 16

210 2416 245 2475 at
268 2417 304 2476 tu
326 2416 420 2498 grata
442 2413 510 2477 deis
532 2412 732 2497 pulchroque
754 2412 891 2499 insignis
913 2412 1042 2477 alumno

210 2500 329 2565 misisti
350 2500 457 2585 Latio,
480 2501 606 2586 placida
629 2522 725 2585 quem
747 2502 854 2567 fronte
876 2500 1060 2567 ministrum

210 2587 359 2672 Iuppiter
379 2588 542 2655 Ausonius
565 2590 688 2674 pariter
708 2589 917 2675 Romanaque
939 2589 1019 2655 Iuno

211 2676 372 2760 aspiciunt
394 2682 428 2742 et
450 2683 585 2763 uterque
608 2679 757 2762 probant.
796 2682 969 2744 nectente
992 2680 1117 2762 potenti

210 2770 369 2829 terrarum
392 2766 521 2831 domino
545 2767 654 2833 divum
677 2766 745 2833 sine
768 2772 876 2833 mente
898 2768 1057 2850 voluptas.
1180 2785 1214 2833 20

278 2852 396 2918 dicitur
417 2853 535 2919 Idalios
556 2855 672 2940 Erycis
695 2856 733 2920 de
757 2855 876 2921 vertice
898 2854 988 2919 lucos

73 2979 77 2988 ›
210 2943 287 3006 dum
304 2942 390 3027 petit
408 2947 441 3007 et
458 2944 572 3009 molles
589 2944 694 3031 agitat
711 2944 822 3010 Venus
841 2966 936 3009 aurea
954 2965 1088 3030 cygnos,

209 3031 401 3119 Pergameas
423 3031 560 3098 intrasse
583 3034 707 3118 domos,
730 3033 788 3099 ubi
811 3033 970 3099 maximus
992 3032 1097 3119 aegris

209 3120 383 3185 auxiliator
405 3121 496 3187 adest
518 3126 552 3186 et
573 3122 761 3189 festinantia
783 3122 900 3189 sistens

208 3211 277 3275 fata
299 3209 466 3275 salutifero
488 3210 578 3277 mitis
601 3212 678 3277 dens
702 3212 836 3277 incubat
858 3212 964 3297 angui.
1181 3228 1214 3290 ap

210 3410 261 3457 215
280 3403 382 3458 sancit:
401 3404 495 3458 sanxit
512 3405 553 3458 ed.
572 3405 730 3460 Parmenais

296 3474 343 3529 IV.
353 3493 465 3529 emm
479 3504 486 3516 ·
500 3493 580 3530 ram
594 3506 600 3517 ·
615 3494 699 3530 mrsu
716 3478 762 3545 (cf.
781 3475 839 3533 Sia.
863 3477 954 3545 Apoll.
974 3493 1055 3531 carm.
1069 3480 1108 3531 22
1136 3478 1211 3545 epist.

245 3548 273 3616 6)
334 3544 466 3600 onaan
484 3563 513 3605 s:
532 3547 634 3601 fratres
697 3553 730 3600 12
749 3547 840 3630 Perga
857 3562 902 3629 me
974 3550 1006 3600 13
1023 3547 1110 3602 nube:
1127 3546 1213 3601 lande

227 3618 406 3696 ‚meduez
428 3616 503 3741 pube
522 3618 693 3674 Koeatliaias
754 3624 786 3672 21
806 3617 924 3673 rdalros
986 3622 1019 3671 22
1037 3635 1070 3688 sy
1088 3619 1148 3689 (del.
1163 3618 1213 3687 11¹)

210 3702 305 3756 cignos
377 3693 410 3741 23
452 3704 520 3759 erga
537 3705 614 3744 meas

1020 3778 1054 3831 6*
