2925 4192
262 299 325 362 144
603 299 632 353 P.
651 298 775 352 PAPINI
794 298 912 353 sanun

256 444 363 508 exitus
386 443 521 507 instanti
543 442 710 527 praemisit
733 443 879 507 membra
901 443 1063 528 sepulcro,

257 532 314 597 sed
336 536 369 596 te
392 536 504 615 torpor
527 531 613 596 iners
636 535 669 596 et
691 554 779 595 mors
801 531 928 597 imitata
952 532 1093 616 quietem
1215 552 1267 599 280

255 620 413 704 explicuit
436 620 581 704 falsoque
604 620 682 683 tulit
705 620 765 684 suh
789 620 923 686 Tartara
946 643 1066 686 somno.

258 732 339 792 quos
352 730 412 793 ego
423 713 499 773 tunc
513 708 663 795 gemitus,
672 746 714 754 —-
725 708 879 773 comitum
892 731 1005 774 manus
1024 710 1120 775 anxia
1132 711 1223 796 vidit,

255 797 337 861 vidit
360 801 393 861 et
416 797 600 881 exemplum
622 797 771 883 genetrix
793 798 966 883 gavisaque
989 798 1080 863 novit
1104 838 1146 846 -

259 908 341 970 quae
363 887 504 950 lamenta
526 886 600 950 tuli!
642 885 769 950 veniam
792 886 969 969 concedite,
992 909 1116 970 manes,

255 976 306 1039 fas
329 975 459 1062 dixisse,
481 979 585 1059 pater:
621 996 686 1039 non
709 978 747 1038 tu
769 974 849 1039 mihi
872 975 966 1059 plura
989 974 1138 1041 dedisses.
1216 994 1268 1041 288

254 1063 335 1127 felix
358 1062 413 1126 ille
435 1068 560 1147 patrem
582 1063 691 1128 vacuis
713 1063 921 1128 circumdedit
943 1062 1041 1128 ulnis:

256 1151 353 1216 vellet
376 1156 408 1216 et
430 1151 542 1236 Elysia
565 1152 711 1236 quamvis
733 1153 768 1217 in
791 1152 864 1216 sede
887 1152 1027 1217 locatum

254 1240 406 1324 abripere
429 1245 461 1305 et
483 1241 610 1305 Danaas
633 1240 751 1305 iterum
774 1244 905 1325 portare
928 1263 987 1324 per
1009 1242 1156 1325 umbras,

255 1333 470 1413 temptantem
493 1332 525 1392 et
548 1328 638 1393 vivos
660 1329 810 1393 molitum
832 1329 866 1393 in
884 1329 1017 1394 Tartara
1039 1352 1170 1416 gressus

257 1418 373 1481 detulit
396 1417 538 1481 infernae
561 1420 651 1481 vates
672 1418 829 1503 longaeva
851 1417 986 1503 Dianae3
1214 1436 1266 1483 270

255 1506 303 1570 sic
327 1505 442 1589 chelyn
465 1504 635 1588 Odrysiam
657 1506 753 1591 pigro
777 1505 957 1571 transmisit
978 1505 1107 1571 Averno

256 1616 351 1658 causa
373 1593 491 1677 minor,
516 1594 563 1657 sic
585 1593 778 1659 Thessalicis
799 1594 958 1660 Admetus
980 1595 1014 1659 in
1037 1594 1114 1679 oris3

255 1683 284 1746 si
306 1682 363 1746 lux
386 1704 450 1746 una
473 1686 559 1746 retro
582 1682 776 1766 Phylaceida
797 1682 926 1746 rettulit
947 1684 1111 1766 umbram,

256 1792 313 1834 cur
334 1770 417 1834 nihil
440 1774 565 1855 exoret,
588 1772 728 1857 genitor,
752 1771 861 1855 chelys
884 1776 940 1835 aut
962 1775 1018 1835 tua
1040 1793 1150 1836 manes
1249 1834 1251 1839 ,

254 1862 312 1923 aut
334 1859 427 1923 mea?
450 1861 499 1923 fas
521 1860 601 1924 mihi
625 1860 671 1925 sic
693 1860 816 1945 patrios
835 1860 1022 1946 contingere
1044 1860 1166 1943 vultus,
1212 1878 1265 1925 275

256 1948 306 2011 faa
327 1946 470 2013 iunxisse
488 1970 615 2035 manus,
638 1953 671 2013 et
688 1948 742 2012 lex
765 1971 983 2033 quaecumque
1006 1952 1167 2033 sequatur.

323 2040 356 2099 at
378 2058 448 2119 vos,
472 2037 660 2101 umbrarum
681 2059 775 2122 reges
797 2036 1005 2121 Aetnaeaque
1027 2036 1123 2121 Iuno,

178 2122 180 2128 ’
254 2124 283 2187 si
305 2124 464 2189 laudanda
487 2146 614 2210 precor,
637 2124 748 2189 taedas
771 2126 894 2190 auferte
917 2148 1086 2210 comasque

255 2212 483 2296 Eumenidum,
505 2213 594 2277 nullo
618 2217 712 2278 sonet
735 2236 830 2297 asper
852 2214 971 2279 ianitor
993 2236 1060 2300 ore,

256 2298 432 2365 Centauros
449 2300 642 2384 Hydraeque
661 2324 777 2388 greges
796 2301 1004 2387 Scyllaeaque
1022 2308 1166 2368 monstra
1211 2319 1265 2371 280

255 2411 385 2453 aversae
408 2390 514 2453 celent
536 2390 650 2474 valles,
672 2391 884 2475 umbramque
908 2391 1040 2455 senilem

255 2477 371 2542 invitet
393 2477 486 2562 ripis,
508 2477 651 2542 discussa
674 2478 784 2565 plebe,
810 2501 979 2564 supremus

254 2570 364 2630 vector
387 2570 420 2629 et
442 2566 477 2629 in
499 2566 604 2630 media
626 2572 800 2651 componat
823 2568 965 2633 molliter
987 2568 1067 2654 alga.

254 2655 313 2740 ite,
336 2654 383 2738 pii
406 2676 516 2718 manes
539 2653 735 2740 Graiumque
759 2656 906 2722 examina
928 2660 1051 2740 vatum,

253 2743 488 2827 inlustremque
511 2744 650 2808 animam
671 2744 824 2811 Lethaeis
846 2745 990 2831 spargite
1014 2745 1108 2809 sertis
1211 2762 1262 2811 288

253 2835 288 2896 et
310 2836 488 2897 monstrate
510 2855 637 2918 namna,
661 2857 724 2919 quo
747 2835 837 2899 nulla
859 2833 983 2917 inrupit
1006 2832 1138 2918 Erinys,

254 2921 289 2984 in
313 2944 376 3005 quo
400 2921 482 2986 falsa
504 2922 572 2987 dies
595 2923 746 3008 caeloque
769 2922 953 2987 simillimus
975 2944 1036 2985 aer.

253 3009 328 3073 inde
350 3014 460 3075 tamen
482 3011 604 3095 venias,
627 3012 741 3075 melior
764 3032 826 3093 qua
849 3015 944 3093 porta
967 3010 1145 3097 malignum

326 3223 377 3271 283
395 3218 475 3273 novit
493 3237 519 3274 o:
547 3219 625 3273 vovit
647 3226 678 3274 ut
699 3222 754 3275 oid.
864 3226 914 3273 271
934 3229 959 3277 et
977 3228 1029 3274 272
1053 3222 1105 3276 sic:
1134 3222 1191 3276 sio

253 3294 306 3343 273
325 3289 349 3343 si
363 3288 410 3341 lux
425 3289 570 3345 Heinsius:
590 3289 678 3344 Silva:
698 3290 739 3345 sic
753 3291 801 3344 lux
813 3292 930 3347 Vollmer
983 3292 1081 3347 retulit
1132 3298 1183 3346 274
1201 3292 1263 3346 nihl

252 3359 351 3430 (exnil
368 3361 420 3427 1¹)
491 3366 542 3413 275
562 3360 613 3416 sic:
633 3361 701 3421 sits
766 3368 816 3415 277
836 3360 1007 3433 aecneaque:
1028 3364 1177 3431 Enneaque
1193 3363 1262 3417 Gro-

253 3433 363 3486 novius:
395 3431 574 3498 Lethaeaque
592 3432 696 3487 Wcller
804 3438 854 3488 278
873 3434 972 3489 taedas
992 3452 1021 3495 ςε
1054 3434 1155 3488 caedas

242 3505 305 3554 -279
324 3500 430 3555 ianitor
447 3518 476 3561 ςι
494 3500 599 3556 ianrior
674 3509 726 3556 280
746 3504 897 3559 Centauros
916 3507 1086 3561 Politionus:
1106 3503 1262 3559 Centaurus

241 3603 245 3611 ·
323 3572 492 3641 Hydraeque
512 3589 541 3631 s:
560 3572 722 3642 hydraeque
794 3576 944 3643 scillaeque
1017 3580 1067 3629 286
1087 3574 1206 3645 inrupit:
1225 3576 1263 3627 ir-

252 3642 394 3710 rumpit&
465 3647 516 3696 288
534 3645 616 3712 porta
635 3661 660 3698 a:
678 3650 760 3715 parte
