2925 4192
256 325 300 389 84
598 325 639 379 .P.
657 325 781 379 PAPINI
800 325 917 381 STATII

256 471 309 534 hic
332 492 467 554 puerum
490 469 639 557 egregiae
660 471 860 554 praeclarum
882 472 984 535 sidere
1007 472 1128 536 formae

258 558 361 642 ipsius
383 562 457 623 ante
481 558 532 623 dei
554 558 719 623 ludentem
741 559 900 643 conspicit
923 582 1001 628 aras.

258 670 294 711 ac
317 647 457 731 primum
480 646 589 712 subita
611 647 745 731 paulum
767 648 902 732 decepta
923 649 1028 735 figura

255 740 406 800 natorum
429 737 468 801 de
490 736 588 820 plebe
610 740 718 821 putat3
742 737 884 802 sednon
908 742 977 802 erat
998 738 1047 802 illi

257 846 349 889 arcus
372 830 405 888 et
427 848 467 889 ex
490 826 609 890 umeris
630 827 738 889 nullae
760 825 964 912 fulgentibus
985 827 1127 891 umbrae.
1229 846 1264 893 30

258 914 394 978 miratur
415 913 540 998 puerile
563 914 658 979 decus
680 914 871 999 vultumque
894 937 1064 1000 comasque

259 1001 417 1087 aspiciens
440 1002 530 1067 ‘tune
551 1001 723 1067 Ausonias'
748 1003 794 1067 ait
817 1003 893 1068 ‘ibis
916 1004 957 1068 ad
978 1026 1079 1089 arces,

261 1091 428 1176 neglectus
450 1088 591 1156 Veneri?
627 1095 664 1155 tu
687 1092 814 1156 sordida
837 1096 923 1157 tecta
946 1092 1122 1179 iugumque

259 1179 382 1244 servitii
403 1179 536 1266 vulgare
559 1179 664 1244 feres?
701 1180 814 1264 procul
836 1180 937 1245 absit:
973 1204 1033 1267 ego
1056 1182 1125 1267 isti,

259 1290 355 1352 quem
361 1269 487 1351 meruit,
497 1270 619 1334 formae
629 1269 794 1333 dominum
809 1270 901 1334 dabo.
919 1270 998 1335 vade
1009 1292 1068 1356 age
1079 1292 1213 1355 meeum,
1228 1287 1263 1339 35

257 1356 350 1443 vade,
373 1379 467 1442 puer:
504 1358 616 1423 ducam
639 1350 763 1422 volucri
784 1381 844 1442 per
868 1358 971 1423 sidera
993 1381 1090 1424 curru

257 1446 377 1510 donum
399 1445 537 1511 immane
561 1446 647 1531 duci3
669 1468 728 1511 nec
751 1451 784 1511 te
807 1447 936 1531 plebeia
958 1448 1136 1513 manebunt

256 1534 340 1599 iura:
375 1534 524 1599 Palatino
548 1535 688 1599 famulus
710 1535 838 1600 deberis
860 1536 969 1601 amori.

254 1623 303 1687 nil
326 1645 400 1708 ege,
422 1624 482 1709 nil,
504 1625 623 1707 fateor,
645 1627 716 1688 toto
740 1627 807 1687 tarn
830 1624 921 1689 dulce
944 1626 1004 1690 sub
1028 1626 1106 1690 orbe

255 1714 313 1776 aut
333 1710 400 1775 vidi
422 1716 480 1778 aut
501 1711 607 1799 genui.
652 1712 744 1777 cedet
766 1712 829 1777 tibi
851 1713 996 1779 Latmius
1019 1714 1105 1779 ultro
1228 1732 1263 1779 40

255 1800 494 1887 Sangariusque
517 1823 598 1885 puer
621 1823 780 1886 quemque
803 1802 896 1866 irrita
918 1802 1018 1867 fontis
1040 1803 1148 1889 imago

256 1893 289 1955 et
312 1889 433 1955 sterilis
459 1890 660 1975 consumpsit
682 1913 780 1956 amor.
821 1895 854 1955 te
877 1892 1003 1956 caerula
1024 1890 1105 1957 Nais

256 1978 369 2043 mallet
391 1982 425 2043 et
447 1980 604 2064 adprensa
626 1980 779 2045 traxisset
801 1980 917 2045 fortius
941 2002 1039 2045 urna„

255 2072 305 2152 tu,
327 2090 422 2153 puer,
445 2073 519 2134 ante
542 2069 659 2153 omnis3
681 2068 769 2134 solus
791 2068 961 2134 formosior
983 2068 1051 2153 ille,

256 2156 308 2220 cui
327 2156 474 2222 daberis?
512 2158 557 2223 sic
576 2180 649 2223 orsa
665 2158 752 2222 leves
771 2179 878 2222 secum
895 2158 967 2241 ipse
985 2180 1043 2242 per
1061 2180 1154 2223 auras
1227 2175 1262 2223 45

255 2244 345 2309 tollit
368 2245 554 2330 olorinaque
577 2247 670 2311 iubet
692 2245 857 2311 considere
880 2246 966 2332 biga.
1147 2325 1153 2337 x

255 2355 315 2397 nec
337 2356 435 2398 mora.
481 2335 545 2398 iam
566 2335 652 2399 Latii
675 2338 801 2399 montes
824 2335 1005 2419 veterisque
1028 2340 1160 2419 penates

256 2422 415 2507 Euandri,
438 2443 519 2506 quos
541 2424 625 2487 mole
646 2445 730 2488 nova
753 2426 845 2506 pater
867 2424 998 2489 inclitus
1022 2424 1110 2489 orbis

256 2510 376 2575 excolit
398 2515 432 2575 et
455 2512 587 2576 summis
609 2515 726 2595 aequat
750 2510 956 2577 Germanicus
979 2513 1082 2577 astris.

255 2604 333 2664 tunc
355 2600 490 2684 propior
511 2600 576 2664 iam
599 2622 675 2665 cura
697 2600 787 2687 deae,
810 2623 891 2686 quae
913 2602 1016 2665 forma
1039 2601 1165 2685 capillis
1230 2619 1265 2666 5ο

259 2687 396 2773 optima,
419 2711 500 2774 quae
522 2690 622 2755 vestis
644 2711 754 2755 roseos
777 2690 947 2755 accendere
969 2690 1080 2755 vultus

256 2781 347 2862 apta,
371 2778 457 2862 quod
478 2778 513 2842 in
536 2778 660 2865 digitis,
684 2778 766 2843 collo
791 2779 877 2862 quod
899 2779 1027 2864 dignius
1051 2801 1172 2843 aurum.

255 2871 350 2931 norat
372 2867 520 2932 caelestis
544 2867 653 2933 oeulos
676 2866 765 2931 ducis
787 2867 921 2952 ipsaque
944 2868 1053 2932 taedas

256 2956 414 3020 iunxerat·
428 2960 461 3020 et
483 2956 579 3040 plena
602 2956 732 3021 dederat
756 2956 893 3021 conubia
917 2957 1040 3021 dextra:

256 3044 302 3108 sie
325 3049 419 3108 ornat
441 3045 557 3130 crines,
580 3044 695 3128 Tyrios
717 3044 764 3109 sic
786 3045 893 3110 fundit
915 3045 1063 3130 amictus,
1212 3060 1264 3108 ⁴55

256 3132 312 3195 dat
334 3132 440 3197 radios
462 3133 634 3218 ignemque
657 3156 759 3198 suurn.
805 3156 927 3199 cessere
949 3133 1074 3217 priores

257 3220 387 3285 deliciae
410 3222 629 3305 famulumque
652 3244 780 3309 greges3
803 3222 855 3287 hic
878 3222 993 3306 pocula
1015 3244 1134 3308 magno

327 3473 361 3521 26
379 3466 510 3537 egregiae
529 3484 557 3525 ςε
576 3468 688 3537 egregie
773 3475 807 3523 34
825 3468 923 3539 procul
941 3486 970 3529 ςε
988 3468 1085 3539 procul
1103 3468 1200 3538 procul

257 3540 414 3597 3111111
435 3537 493 3591 iam
564 3543 598 3591 40
617 3538 710 3593 cedet:
729 3540 812 3595 cedat
831 3558 847 3601 ς
901 3539 1199 3596 ,1111111111111111

256 3613 291 3663 4⁷
309 3609 467 3677 veterisque
484 3609 632 3664 Bartbiuc:
651 3612 813 3678 veteresque
920 3610 1083 3666 4811111111
1156 3610 1261 3683 erbis:
1306 3627 1310 3632 ·

257 3678 368 3738 urbiss
441 3685 474 3732 57
493 3696 606 3751 gregres
1080 3728 1092 3735 ..
