2925 4192
240 370 285 431 44
419 358 423 364 ’
591 371 622 425 r.
640 370 764 425 raruu
783 370 900 425 suern
987 361 988 369 ‘

242 513 358 577 Pieriis
381 536 517 600 aequare
539 514 650 579 modis.
697 513 752 578 vix
776 514 886 579 ordine
908 514 1007 599 longo

242 602 395 666 suffecere
418 603 511 688 oculi,
537 602 603 688 vix,
625 602 702 667 dum
724 624 783 686 per
806 602 933 689 singula
956 602 1062 687 ducor,

242 690 393 755 suffecere
415 691 541 777 gradus.
589 712 669 775 quae
692 712 799 756 rerum
821 691 930 755 turba!
961 690 1066 756 locine

226 778 408 864 ¹ingenium
421 802 463 844 an
476 778 596 844 domini
609 779 707 843 mirer
720 779 836 863 prius?
870 779 950 843 haee
963 779 1076 843 domus
1091 783 1181 844 ortus
1213 797 1248 845 45

242 866 358 950 aspicit
380 871 413 931 et
434 866 560 934 Phoebi
582 862 730 932 tenerum
752 868 860 952 iubar;
884 868 940 932 illa
963 868 1128 932 cedentem

242 955 364 1020 detinet
388 960 595 1039 exactamque
617 959 716 1042 negat
739 955 902 1021 dimittere
923 956 1037 1043 lucem,

242 1065 316 1108 cum
338 1044 402 1107 iam
424 1045 509 1109 fessa
531 1043 599 1108 dies
621 1048 654 1108 et
676 1044 712 1108 in
733 1058 873 1128 aequora
895 1045 1014 1111 montis
1038 1045 1130 1128 opaci

242 1132 357 1196 umbra
379 1132 464 1210 cadit
486 1132 652 1216 vitreoque
674 1136 789 1197 natant
811 1134 973 1217 praetoria
996 1138 1106 1217 ponto.

241 1220 320 1285 haec
342 1220 452 1307 pelagi
475 1222 614 1286 clamore
636 1221 787 1307 fremunt,
810 1222 887 1286 haec
910 1225 995 1286 tecta
1017 1243 1150 1287 sonoros
1214 1238 1250 1285 50

243 1313 399 1461 {alati
416 1310 537 1463 ltlt:
556 1313 724 1481 ltttflt
746 1310 1029 1463 llilliatlitmt‘

242 1484 341 1549 cessit
364 1490 396 1549 et
420 1486 551 1572 ignotos
574 1485 687 1550 docilis
709 1488 889 1551 mansuevit
912 1487 946 1551 in
968 1509 1052 1551 usus.

243 1594 337 1638 mons
361 1578 429 1637 erat
451 1574 514 1659 hic,
536 1574 594 1638 ubi
617 1573 715 1657 plena
736 1574 837 1659 vides3
861 1580 893 1639 et
914 1576 1017 1639 lustra
1039 1576 1178 1659 fuerunt,

243 1683 306 1744 qua
323 1683 409 1726 nunc
428 1666 514 1726 tecta
527 1662 631 1746 subis;
650 1662 707 1727 ubi
724 1684 810 1727 nunc
824 1685 955 1729 nemora
968 1664 1067 1728 ardua
1081 1664 1192 1748 cernis,
1215 1680 1249 1727 55

241 1748 296 1813 hic
318 1771 377 1814 nee
399 1754 485 1815 terra
506 1750 583 1814 luit:
606 1750 730 1815 domuit
752 1773 927 1837 possessor,
950 1757 983 1816 et
1005 1752 1097 1817 illum

242 1838 436 1904 formantem
458 1860 556 1922 rupes
575 1844 878 1924 expugnantemque
901 1844 1010 1905 secuta

242 1926 361 2012 gaudet
383 1928 509 1991 humus.
544 1949 630 1991 nunc
652 1948 746 1992 cerne
768 1928 882 2015 iugum
904 1929 1059 1994 discentia
1081 1951 1158 1994 saxa

242 2014 462 2101 intrantesque
486 2015 598 2080 domos
619 2015 806 2100 iussumque
829 2018 973 2082 recedere
997 2021 1148 2082 montem.

242 2103 306 2167 iam
328 2104 549 2188 Methymnaei
571 2104 654 2169 vatis
676 2126 790 2169 manus
813 2109 846 2169 et
869 2106 978 2190 chelys
1001 2128 1065 2171 uua
1212 2123 1249 2171 60

241 2191 382 2257 Thebais
405 2196 438 2257 et
462 2190 566 2257 Getici
588 2192 679 2256 cedat
701 2193 765 2256 tibi
787 2193 891 2279 gloria
913 2194 1041 2278 plectri:

243 2284 275 2343 et
298 2283 335 2344 tu
358 2303 435 2345 saxa
456 2302 574 2363 moves,
597 2284 629 2343 et
652 2284 684 2343 te
706 2302 839 2347 nemora
861 2282 926 2346 alta
949 2288 1134 2367 sequuntur,

309 2368 386 2450 quid
408 2367 544 2432 referam
566 2371 690 2432 veteres
713 2390 866 2454 ceraeque
879 2370 1035 2455 aerisque
1056 2373 1192 2458 figuras,

242 2455 270 2518 si
295 2455 372 2538 quid
393 2455 529 2539 Apellei¹
544 2455 685 2541 gaudent
708 2456 865 2523 animasse
889 2459 1019 2543 colores,

242 2543 270 2607 si
293 2542 371 2626 quid
393 2543 497 2607 adhuc
518 2564 627 2628 vacua,
644 2548 753 2609 tamen
776 2546 973 2634 admirabile,
995 2548 1069 2613 Pisa
1215 2567 1249 2615 65

242 2630 413 2696 Phidiacae
435 2653 541 2697 rasere
564 2633 686 2717 manus,
709 2634 796 2717 quod
817 2636 858 2700 ab
882 2641 951 2700 arte
973 2636 1117 2720 Myronis

242 2724 298 2783 aut
320 2719 498 2804 Polycliteo
521 2720 644 2785 iussum
667 2726 716 2786 est
739 2723 825 2807 quod
847 2724 953 2790 vivere
976 2726 1072 2810 caelo,

242 2830 377 2893 aeraque
400 2809 441 2873 ab
461 2808 648 2886 Isthmiacis
670 2832 748 2875 auro
771 2812 899 2896 potiora
921 2813 1049 2899 favillis

241 2919 298 2960 ora
320 2897 435 2962 ducum
458 2919 494 2962 ac
516 2903 627 2962 vatum
650 2899 895 2985 sapientumque
919 2923 974 2966 ora
997 2902 1151 2987 priorum,

243 3006 324 3068 quos
346 2985 409 3049 tibi
432 3007 509 3051 cura
531 2986 630 3070 sequi,
653 3009 733 3071 quos
754 2992 826 3054 toto
848 2994 979 3074 pectore
1002 2991 1112 3077 sentis,
1214 3006 1251 3055 70'

244 3095 359 3157 expers
382 3095 530 3139 curarum
552 3079 649 3157 atque
672 3076 815 3141 animum
837 3078 957 3143 virtute
980 3079 1089 3163 quieta

241 3160 440 3244 compositus
462 3184 651 3246 semperque
674 3165 771 3229 tuus?

814 3254 891 3338 quid
913 3256 1001 3319 mille
1024 3255 1185 3337 revolvam

242 3337 382 3402 culmina
403 3336 590 3421 visendique
612 3339 719 3405 vices?
756 3364 813 3406 sua
836 3343 950 3427 cuique
972 3346 1123 3429 voluptas

311 3499 346 3546 44
363 3493 453 3548 locive
507 3500 541 3548 47
560 3498 646 3565 negat
663 3515 701 3552 n:
719 3502 806 3567 vegat
868 3506 900 3553 52
919 3499 967 3555 hic
986 3518 1015 3559 ςι
1034 3508 1126 3556 atram
1144 3501 1190 3555 hic
1209 3519 1249 3555 aa

133 3593 136 3599 ·
239 3564 285 3617 his
302 3566 419 3620 calamit
436 3566 578 3633 librarius,
595 3575 729 3623 racemum
746 3577 785 3623 eat
869 3576 903 3625 55
921 3588 977 3641 qua
996 3573 1140 3627 Kletaiue:
1169 3571 1248 3636 (luae

294 3640 328 3689 60
346 3653 390 3689 me
408 3635 513 3704 tymnei
577 3642 611 3691 63
630 3636 704 3703 Quid
722 3638 736 3692 f
751 3641 811 3709 (del.
826 3641 876 3712 1¹)
894 3642 1012 3697 referam
1071 3648 1105 3697 64
1124 3659 1142 3696 a
1161 3641 1249 3712 pellei

240 3710 334 3776 (prius
351 3725 370 3776 p
389 3708 438 3761 del.
457 3707 508 3777 1²)
571 3713 604 3761 67
622 3707 778 3779 policliteo:
797 3711 953 3781 polycleteo
971 3732 997 3766 m
1052 3719 1085 3766 73
1104 3712 1144 3768 Cu
1186 3712 1247 3769 nc:
