2925 4192
213 355 350 422 cxxxvi
614 355 818 411 PRAEFATIO

213 507 330 572 exhibet
352 499 396 587 Μ)
425 506 570 582 sprevisse
597 510 756 583 propterea
783 506 863 584 quod
889 509 937 566 hic
963 508 1048 566 iuxta
1074 507 1222 583 pluralem

213 590 359 660 ‘deliciae'
383 597 464 654 haud
486 597 585 672 inepte
608 596 766 655 videbatur
788 599 902 655 exstare
925 596 1051 672 pluralis
1074 591 1193 656 ‘curae’.

277 684 309 765 II
323 687 352 760 1,
368 686 430 744 176
450 685 489 748 ad
503 685 681 760 scripturam
696 679 850 745 ‘Molvius'
864 704 955 760 quam
968 687 1088 762 retinui,
1101 685 1220 744 firman-

212 773 281 835 dam
302 776 439 848 poteram
462 774 565 833 afferre
594 775 684 832 etiam
708 773 1036 849 Trebell.(}all.18‚5
1065 775 1118 832 ubi
1144 775 1221 834 hanc

212 863 340 929 formam
361 863 451 921 Peter
473 864 619 922 intactam
641 863 771 938 reliquit.

243 1014 245 1018 ,
277 950 308 1008 II
328 952 356 1026 6,
371 953 412 1010 49
436 952 676 1013 intricatissimus
696 953 742 1010 est
758 952 849 1011 locus.
886 951 984 1027 recepi
1001 953 1135 1011 Krohnio
1154 971 1222 1012 sua*

212 1039 299 1098 dente
322 1039 505 1099 lenissimam
527 1040 723 1099 mutationem
746 1059 836 1116 quam
853 1040 985 1118 Poggius
1008 1041 1040 1099 in
1058 1035 1088 1101 ll
1112 1041 1222 1101 effecit:

210 1146 282 1186 uum
297 1129 398 1202 pudor
418 1131 496 1198 crede
518 1133 602 1188 uotae
623 1131 711 1188 meua
739 1134 787 1188 etc.
824 1129 977 1204 pudorem
1003 1133 1104 1188 autem
1131 1133 1221 1189 notae

210 1217 352 1295 intellego
376 1217 605 1293 vituperationis
628 1219 774 1278 timorem.
1218 1248 1222 1259 ·

276 1305 355 1381 Hi,
370 1307 412 1365 45
435 1310 470 1365 ut
493 1306 652 1366 secundum
675 1301 699 1366 h
722 1301 921 1382 ‘Thymbrim'
947 1308 979 1364 in
1006 1309 1122 1365 textum
1148 1307 1221 1366 reci·

209 1413 310 1470 perern
332 1414 392 1454 non
414 1397 500 1470 potui
523 1414 540 1453 a
563 1415 609 1454 me
632 1396 792 1471 impetrare
815 1395 885 1454 licet
903 1396 960 1455 hoc
977 1395 1122 1471 probante
1140 1395 1219 1453 Bon·

210 1485 280 1542 neto
305 1475 378 1564 (rev.
402 1484 438 1541 de
461 1483 564 1559 philol.
583 1483 654 1543 XVI
678 1476 794 1565 (1892)
817 1502 847 1559 p.
863 1476 950 1564 184).

275 1571 370 1647 1112,
387 1573 463 1632 137
481 1567 617 1632 ‘Zeuma'
649 1573 726 1638 sicut
758 1572 834 1647 73,
850 1575 912 1632 187
945 1567 1108 1631 ‘Zeumate’
1141 1573 1219 1632 edidi

209 1661 415 1719 Matritensem
437 1663 564 1720 secutus.
609 1661 696 1720 hodie
720 1662 800 1720 enim
826 1618 902 1720 ’teste
926 1659 1086 1739 Georgesio
1118 1663 1221 1722 vocari

210 1748 353 1832 oppidum
377 1749 460 1806 Zima
482 1752 552 1825 apte
581 1751 696 1809 monuit
718 1750 876 1809 Krohnius.
921 1750 1025 1809 littera
1052 1744 1186 1809 autem
1188 1745 1220 1828 g'

211 1833 312 1896 ante
314 1833 356 1896 m'
379 1840 535 1896 nonsatis
558 1838 677 1897 videtur
705 1839 836 1898 tenuisse
863 1839 1015 1914 propriam
1043 1857 1128 1898 suam
1150 1839 1220 1914 vim,

210 1945 277 1984 cum
298 1926 331 1984 in
348 1927 429 1986 vitae
448 1927 615 1986 cotidianae
638 1928 744 2005 lingua
762 1927 842 1987 haud
859 1946 927 1986 raro
946 1923 1024 1987 vel
1027 1948 1048 1986 u
1050 1922 1119 1986 ’sit
1139 1928 1221 1986 facta

210 2015 397 2091 effeceritque
426 2015 643 2094 diphthongum
671 2033 738 2075 cum
766 2016 957 2076 antecedente
984 2017 1083 2076 vocali
1107 2049 1150 2057 —-
1173 2037 1221 2074 ex-

210 2105 310 2180 empla
321 2103 551 2170 Schuchardtius
565 2105 687 2181 collegit
696 2097 817 2185 (Vokal.
828 2105 879 2163 des
886 2104 1137 2181 ,Vulgdrlateinsl
1148 2107 1220 2164 146.

208 2193 328 2269 11499,
348 2193 388 2264 cf.
405 2193 496 2251 etiam
514 2192 740 2268 Lindsay-Nohl
762 2213 791 2268 p.
803 2185 881 2274 103)
897 2224 934 2234 -
946 2193 995 2252 vel
1013 2193 1064 2252 ubi
1082 2193 1139 2252 hoc
1156 2193 1221 2252 fieri

208 2282 366 2356 nequibat,
389 2300 456 2339 cum
478 2283 619 2357 sequente
642 2281 817 2340 consonanti
844 2281 1025 2341 confluxerit.
1071 2283 1155 2341 cuius
1177 2283 1220 2340 roi

209 2389 300 2428 unum
324 2371 437 2428 certum
461 2372 557 2428 exstat
581 2368 757 2444 exemplum,
779 2389 884 2444 nempe
907 2388 965 2428 vox
987 2365 1106 2448 ‘sigma'
1130 2389 1221 2446 quam

210 2452 338 2516 ‘simma'
366 2459 508 2533 scripsere
537 2457 675 2516 Sidonius
705 2457 889 2533 Apollinaris
923 2451 1025 2538 (carm.
1046 2461 1097 2536 17,
1112 2461 1145 2537 6,
1168 2460 1220 2518 ubi

209 2546 357 2604 Martinus
379 2539 550 2605 Dumiensis
579 2564 695 2622 quoque
719 2541 858 2605 ‘simm’
885 2539 973 2627 legit)
1002 2550 1032 2606 ot
1054 2546 1220 2659 Gregorius

210 2634 398 2711 Turonensis,
416 2634 468 2692 ubi
487 2626 536 2715 (de
556 2653 630 2694 curs.
649 2635 725 2694 stell.
738 2637 778 2694 21
799 2639 829 2694 et
848 2627 934 2717 39)
937 2654 1052 2711 symma
1054 2631 1129 2695 'et
1132 2631 1218 2700 sima'

209 2715 345 2805 1111111)
380 2681 415 2782 11.
434 2723 521 2783 Prob
540 2725 657 2798 p.1a,1
673 2726 714 2782 34
729 2723 765 2782 Κ.
784 2727 957 2784 aumentum
974 2725 1045 2784 licet
1063 2745 1098 2784 ex
1120 2727 1219 2800 poste·

208 2813 285 2880 riore
309 2815 407 2872 aetate
427 2813 531 2872 attulit
550 2812 780 2872 Schuchardtins
803 2813 906 2872 Ι146.
930 2814 1045 2872 adhoc
1069 2814 1220 2914 exemplar

210 2903 372 2970 formatum
395 2904 440 2962 est
463 2896 604 2960 Zeuma’.
651 2902 832 2960 contrarium
862 2902 1030 2977 exemplum
1060 2903 1194 2961 exstat
1186 2923 1219 2962 m

209 2989 322 3050 Glossis
340 2991 391 3048 ubi
410 2985 528 3049 ‘fluxus’
548 2991 713 3066 explicatur
730 3009 802 3050 voce
822 2984 958 3067 ‘regina'
976 2991 1033 3050 hoc
1052 2994 1096 3050 est
1117 3009 1218 3065 regma

208 3103 252 3126 =
266 3077 359 3158 ῥεῦμα
373 3079 408 3137 cf.
424 3078 523 3153 (11111,
539 3079 706 3138 Thesaurus
721 3077 894 3139 Glossarum
908 3080 1020 3138 emend.
1035 3098 1057 3138 s.
1071 3100 1098 3138 v.
1112 3080 1217 3138 fluxus

275 3166 318 3224 IV
338 3170 366 3240 2,
382 3168 421 3225 19
437 3186 480 3242 sq.
502 3167 612 3227 retinui
636 3169 712 3227 sicut
733 3167 767 3236 in
786 3161 817 3227 Μ
839 3167 990 3245 legtmtur,
1011 3169 1043 3226 id
1066 3168 1145 3244 quod
1168 3168 1217 3227 de·

208 3255 340 3314 fensione
365 3257 431 3332 eget
454 3274 519 3314 oum
541 3256 676 3332 plerique
694 3277 722 3316 v.
743 3258 783 3314 22
803 3255 894 3314 verba
911 3257 1024 3314 tradita
1042 3258 1217 3334 corrigenda

208 3362 271 3402 esse
292 3344 468 3406 censuerint.
513 3344 757 3420 proficiscendum
785 3347 885 3403 autem
907 3363 942 3402 ex
965 3365 992 3403 v.
1009 3347 1049 3404 19
1073 3346 1217 3421 interpre-

207 3433 331 3497 tatione
378 3433 416 3492 ad
437 3432 552 3510 Vergili
575 3434 673 3492 locum
696 3425 784 3514 (Aen.
798 3432 857 3490 VH
875 3426 953 3514 170)
976 3435 1032 3493 hoc
1054 3453 1143 3493 versu
1165 3435 1217 3493 ad-

281 3639 307 3706 1)
327 3636 447 3706 addeSp
449 3640 499 3691 art.
481 3583 596 3691 tHadr.
609 3643 651 3706 17
662 3643 677 3690 4
691 3636 741 3690 ubr
750 3636 833 3691 Peter
845 3637 1016 3693 simmatibus
1029 3640 1103 3691 recte
1117 3582 1215 3691 edidit.

209 3705 242 3761 cf.
263 3707 373 3777 Lampr
393 3655 744 3778 Η1Ρ]1ος.15,2.(1111111
759 3709 816 3777 Ip.
833 3711 891 3760 250.
1126 3735 1127 3739 =
