2925 4192
271 393 314 457 86
623 392 653 447 P.
673 391 797 445 PAPINI
816 390 932 446 STATII

271 541 368 623 atque
386 559 463 602 auro
482 537 680 623 gemmisque
698 537 819 619 locant,
836 536 922 622 rapit
941 536 1012 620 ipsa
1030 536 1195 601 cadentem

271 631 375 691 mater
398 631 431 691 et
453 648 585 691 arcanos
607 626 704 690 iterat
726 624 885 709 Cytherea
906 625 1056 709 liquores.

272 720 349 781 tuno
372 737 453 799 puer
475 738 492 779 e
515 714 624 799 turbe,
646 714 796 779 manibus
820 714 875 798 qui
897 714 981 779 forte
1005 714 1129 797 supinis

271 804 381 869 nobile
404 807 565 891 gemmato
588 804 755 887 speculum
777 806 963 886 portaverat
985 824 1072 887 euro,

272 894 345 957 ‘hoc
364 914 492 977 quoque
510 892 641 977 demus,
660 892 717 976 ait3
737 891 864 976 ‘patriis
881 914 940 956 neo
958 891 1083 978 gratius
1101 890 1203 955 ullum
1242 908 1275 956 95

271 1004 387 1045 munus
410 981 471 1045 erit
494 981 626 1065 templis
648 980 784 1065 ipsoque
807 981 973 1064 potentius
996 1002 1081 1045 auro.

272 1073 309 1135 tu
332 1070 427 1135 modo
449 1072 513 1156 fige
531 1070 631 1134 aciem
654 1073 687 1133 et
709 1070 818 1133 vultus
836 1070 889 1133 hic
907 1092 1007 1153 usque
1026 1068 1191 1152 relinque?

273 1160 319 1223 sic
341 1158 387 1223 ait
410 1163 443 1223 et
465 1159 631 1243 speculum
653 1158 786 1223 reclusit
808 1158 947 1244 imagine
970 1162 1072 1243 rapta.

339 1252 373 1311 at
395 1270 476 1331 puer
498 1248 648 1334 egregius
670 1247 805 1313 tendens
828 1248 868 1311 ad
891 1247 993 1312 sidera
1016 1246 1152 1331 palmas,

275 1337 338 1400 ‘his
359 1336 439 1399 mihi
462 1358 522 1419 pro
545 1336 650 1419 donis,
672 1336 841 1401 hominum
858 1336 1027 1401 mitissime
1046 1339 1167 1419 custos,
1224 1352 1276 1400 100

275 1425 302 1489 si
326 1424 441 1509 merui,
463 1425 561 1510 longa
583 1425 747 1490 dominum
769 1447 922 1490 renovare
945 1424 1075 1489 iuventa

272 1518 369 1597 atque
393 1514 464 1578 orbi
487 1536 611 1578 servare
634 1514 726 1579 velis!
763 1515 824 1579 hoo
847 1514 950 1579 sidera
972 1535 1109 1597 mecum,

269 1602 331 1667 hoc
353 1602 456 1667 undae
479 1607 645 1688 terraeque
668 1608 792 1690 rogant.
838 1608 903 1688 eat,
926 1624 995 1687 oro,
1018 1624 1077 1685 per
1099 1623 1199 1666 annos

268 1689 383 1755 Iliacos
406 1691 576 1775 Pyliosque
599 1692 704 1775 simul,
726 1693 938 1776 propriosque
961 1694 1093 1775 penates

270 1780 408 1865 gaudeat
431 1784 464 1844 et
486 1802 594 1845 secum
615 1780 753 1865 Tarpeia
776 1801 938 1845 senescere
961 1779 1103 1863 templa?
1224 1796 1275 1844 105

271 1868 317 1932 sic
340 1869 386 1932 ait
409 1873 442 1933 et
463 1874 567 1935 motas
589 1869 726 1934 miratur
748 1870 920 1956 Pergamos
943 1890 1021 1933 eres.

753 2154 793 2218 V.

454 2302 1091 2340 ***********

335 2420 418 2497 Quid
436 2420 516 2484 mihi
534 2425 656 2483 maesta
674 2420 734 2505 die,
753 2420 847 2484 sociis
866 2420 944 2504 quid
961 2419 1120 2503 noctibus,
1139 2441 1230 2505 uxor,

270 2508 365 2572 anxia
387 2508 537 2595 pervigili
556 2504 648 2573 'ducis
671 2509 810 2593 suspiria
832 2509 933 2573 cura?

268 2620 334 2662 non
355 2602 463 2661 metuo
486 2620 526 2662 ne
549 2598 634 2661 laesa
656 2598 735 2662 fides
758 2602 814 2662 aut
836 2602 966 2683 pectore
988 2598 1022 2661 in
1045 2598 1108 2662 isto

268 2687 350 2752 alter
372 2708 474 2771 amor3
494 2686 592 2750 nullis
615 2686 649 2750 in
672 2691 704 2751 te
729 2687 822 2751 datur
844 2688 891 2751 ire
914 2686 1042 2773 sagittis

267 2814 311 2823 —
334 2776 443 2840 audiat
466 2776 582 2841 infesto
606 2775 682 2840 licet
704 2776 765 2839 hoc
787 2775 985 2839 Rhamnusia
1006 2775 1099 2838 vultu
1122 2812 1178 2859 —-‚
1258 2792 1275 2839 5

199 2858 205 2869 ⁴
266 2887 332 2929 non
356 2866 457 2930 datur.
502 2870 535 2930 et
557 2866 585 2929 si
608 2869 736 2951 egomet
759 2865 864 2948 patrio
883 2864 921 2927 de
943 2864 1039 2928 litore
1061 2868 1174 2948 raptus

268 2958 420 3038 quattuor
443 2954 583 3018 emeritis
606 2976 664 3037 per
687 2953 786 3039 bella,
809 2974 867 3037 per
889 2974 1028 3036 aequora
1049 2952 1160 3016 lustris

268 3064 418 3127 errarem,
441 3047 478 3106 tu
500 3043 587 3107 mille
610 3064 725 3125 procos
748 3042 869 3105 intacta
891 3042 1032 3127 fugares,

266 3152 333 3194 non
354 3130 542 3195 intersectas
564 3134 744 3195 commenta
767 3135 910 3194 retexere
933 3130 1027 3214 telas,

266 3219 322 3282 sed
341 3218 408 3282 sine
427 3219 537 3283 fraude
551 3220 666 3305 palam,
680 3220 902 3302 thalamosque
922 3223 1043 3283 armata
1062 3241 1220 3305 negasses.
1238 3238 1273 3284 10

337 3470 370 3517 91
390 3464 536 3518 cadentem
554 3464 699 3520 Schrader:
725 3464 856 3518 cadentes
955 3470 988 3517 95
1006 3464 1106 3535 patriis
1125 3481 1154 3523 s:
1179 3466 1273 3535 patris

320 3541 354 3589 97
368 3536 571 3590 hioBarthiras:
585 3538 652 3590 huc:
666 3536 717 3590 hos
726 3537 913 3591 Marklandcs
966 3542 999 3589 98
1013 3536 1139 3590 reclusit:
1155 3536 1274 3592 seclusit

268 3606 424 3661 Grmwoim
494 3612 527 3659 99
546 3608 577 3659 at
595 3623 624 3665 52
642 3606 684 3659 Aa
739 3612 969 3666 103010320re
1024 3624 1111 3661 annos
1131 3624 1159 3667 ςι
1179 3624 1273 3662 annus

336 3676 369 3731 V.
388 3694 435 3730 vm
447 3695 606 3733 romum:
625 3696 733 3731 rancor
751 3696 786 3731 ro
805 3697 913 3732 uxoren
932 3695 949 3738 ς
1026 3685 1040 3731 1
1059 3677 1132 3743 Quid
1152 3695 1181 3737 s:
1201 3677 1274 3743 Quis

337 3753 352 3800 9
372 3747 535 3802 intersectas
555 3766 583 3806 s:
607 3747 782 3803 interfectas:
808 3748 986 3819 imperfectas
1006 3767 1021 3807 ς
