2925 4192
633 381 837 437 PRAEFATIO
1152 381 1237 436 um

228 536 308 594 lbeco
336 535 419 594 aius
445 536 515 593 uota
543 537 584 592 est
607 546 670 596 ·a·
695 534 784 593 altero
806 533 929 593 Nicoloo
951 533 1049 593 Niceti
1077 551 1169 592 marui
1191 533 1239 592 cle·

228 626 334 698 scripto
363 640 397 684 eu
422 626 531 682 obusto
557 625 625 682 ileu
652 623 747 682 codiee
773 639 808 682 coo
830 623 952 696 publica
975 623 1102 682 elusim
1127 622 1241 695 fabule

229 714 362 773 librario.
407 709 530 771 Seroaoi
552 715 649 772 autera
670 715 752 770 caus
778 713 942 771 institutum
962 729 1071 780 meum,
1094 714 1128 770 ul
1155 713 1241 770 auru

229 819 283 876 que
308 802 389 875 falsa
412 805 564 874 putarem,
591 817 652 859 riou
681 817 854 875 respueras.
899 796 1091 859 Aeliutoribus
1117 798 1240 859 Nicoloo

230 890 365 950 Baldello
385 893 411 948 et
428 889 551 948 Roberto
569 889 699 949 Miuubio
718 907 754 949 oc
770 889 926 949 Lactoutio
944 889 1088 948 Politiauo
1110 889 1241 962 familia·

229 981 312 1039 ribus
335 980 415 1038 oreis.
456 978 524 1040 III.
546 978 594 1038 Iol.
618 977 809 1039 Februarias.
832 979 895 1052 ipso
919 978 1173 1036 baoclroualioruou
1195 978 1242 1037 elie

231 1069 320 1127 1493.
365 1069 528 1140 flacitae,
561 1084 639 1126 orueo
670 1068 818 1136 horribili,
850 1068 1020 1126 transituris
1054 1069 1088 1125 iu
1118 1065 1243 1125 Italiorii

232 1150 349 1217 Gallis?
379 1156 453 1215 hace
476 1155 595 1231 quidem
611 1154 781 1215 Politianus
803 1174 881 1215 anno
900 1156 1061 1231 antequam
1078 1156 1243 1213 mereretur

231 1245 358 1321 scripsit.
404 1246 606 1322 cognoscimus
639 1246 739 1303 autem
770 1245 917 1322 optimum
951 1243 1042 1303 fiisse
1075 1242 1155 1318 quod
1186 1241 1243 1301 sibi

231 1333 391 1411 praecepit,
411 1333 490 1410 quod
505 1332 651 1409 quomedo
660 1334 856 1410 tenuerit,hio
869 1333 945 1392 nihil
959 1332 997 1392 ad
1010 1351 1082 1392 rem.
1101 1350 1136 1390 ex
1144 1331 1242 1391 verbis

232 1419 360 1483 ‘sercou
372 1468 379 1480 .
391 1467 397 1480 .
411 1426 493 1482 octies
505 1425 669 1482 iusbiutruu
681 1417 789 1482 moruu'
803 1421 1046 1482 Lundstroemius
1059 1419 1243 1480 Politiauum

229 1529 347 1588 semper
369 1511 472 1570 eadem
493 1513 653 1588 praecepta
675 1510 732 1570 sibi
753 1512 942 1589 proposuisse
965 1511 1118 1572 conclusit
1163 1508 1243 1586 quod

233 1617 323 1676 quam
340 1600 451 1660 falsum
468 1602 554 1676 esset,
571 1600 635 1676 ipae
652 1602 772 1676 peterat
790 1618 965 1678 cognoscere
983 1619 1019 1658 ex
1037 1598 1167 1658 eiusdem
1184 1598 1243 1658 ool·

231 1690 344 1748 latione
372 1689 413 1748 ad
440 1686 582 1748 Catonem
603 1688 827 1764 varronemque
854 1682 967 1771 facta¹)
996 1689 1044 1748 cui
1071 1687 1245 1764 subscripsit

232 1778 319 1837 haee:
344 1776 461 1837 Oouteoli
483 1794 532 1852 eqo
550 1774 628 1852 Auq.
645 1777 811 1837 Politioouos
831 1776 950 1838 Catonis
972 1777 1023 1836 bos
1045 1795 1081 1836 ao
1100 1777 1243 1836 Vorrouis

232 1884 332 1926 rerum
349 1869 527 1925 rusticarum
546 1865 669 1924 libellos:
691 1882 757 1924 oum
775 1868 965 1925 uetustissimo
986 1867 1096 1924 codice:
1119 1882 1153 1923 eoo
1170 1865 1244 1924 Divi

232 1955 346 2023 Marci,
369 1955 547 2014 Florentiae
574 1953 755 2012 bibliotheca:
786 1955 829 2012 sic
859 1957 893 2013 ut
918 1971 955 2012 rie
987 1971 1021 2012 co
1043 1954 1158 2027 queen
1184 1969 1245 2011 ucri

234 2045 406 2104 ascriberem
436 2045 464 2102 si
495 2060 554 2117 quo
589 2033 827 2124 depracatiorff)
859 2043 1033 2101 uidemur.
1085 2041 1137 2100 boc
1169 2043 1245 2100 euim

232 2134 316 2192 uobis
353 2132 527 2191 eueudareli
561 2148 650 2190 uooos
691 2132 800 2190 codices
840 2133 1004 2191 mstitutuou
1037 2131 1168 2203 plouoit:
1207 2145 1245 2189 uc

234 2223 305 2295 quial
341 2237 375 2280 eoo
411 2225 508 2280 uestro
544 2224 648 2280 toruae
684 2221 876 2290 ediceremus,
908 2238 966 2280 ueu
1001 2221 1072 2294 quid
1106 2220 1245 2278 autera

233 2327 313 2387 uus,
350 2310 427 2383 quob
461 2311 494 2368 iu
530 2310 744 2383 antiquioribus
781 2311 992 2384 compluribus
1027 2309 1245 2368 beomissemus

237 2397 347 2472 Quodsi
382 2399 434 2456 boc
464 2400 582 2472 priores
618 2399 735 2458 librarii
769 2400 933 2458 institutum
962 2399 1151 2472 probassent,
1186 2414 1246 2456 riori

235 2491 350 2546 lautus
380 2487 511 2560 profecto
546 2489 652 2562 ueqotii
692 2487 856 2562 laborisque
890 2490 1016 2561 posteris
1055 2488 1245 2560 rulqiossou.

234 2575 334 2636 Sicubi
366 2592 431 2649 erqo
458 2579 590 2635 uestrum
617 2577 804 2636 allibroimus
830 2578 986 2645 iaoliciuu,
1013 2577 1121 2634 relicus
1150 2579 1246 2634 taucu

236 2667 373 2738 autiquae
396 2665 523 2723 lectiouis
545 2666 672 2738 oestrqiis
694 2665 855 2738 aliquibus:
882 2683 969 2724 sum
996 2666 1098 2737 euque
1124 2664 1246 2722 liberium

234 2754 413 2826 reliquimus.
465 2753 537 2812 Vale
572 2753 671 2811 lectu:
708 2757 735 2811 et
768 2771 864 2812 meum
897 2753 975 2811 tuuc
1009 2753 1135 2811 laborem
1166 2750 1247 2810 Borei

239 2840 369 2900 Oousule.
414 2841 586 2900 Florentiae
616 2841 657 2899 Iu
689 2842 750 2900 elici
777 2841 866 2900 Pauli
895 2842 960 2913 ipso
992 2840 1246 2899 bacchanaliorum

131 2922 136 2932 ’
235 2927 736 2990 Die.M0000Lxxx11.·Auu
754 2929 844 2989 altero
857 2929 964 2988 scilicet
979 2932 1096 2988 orostrae
1108 2929 1246 3002 publicae

229 3019 426 3093 professionis
449 3023 498 3078 ete.
522 3019 584 3078 iam
606 3019 703 3094 primo
726 3017 834 3077 obtutu
856 3021 989 3094 apparet,
1012 3036 1071 3093 quo
1094 3017 1134 3076 sit
1156 3018 1246 3077 collo-

237 3107 331 3166 canda
365 3107 515 3167 Silvarum
547 3107 677 3166 collatio.
721 3108 855 3182 proxime
888 3125 991 3166 earum
1023 3106 1246 3183 subscriptionis

236 3196 326 3256 verba
350 3196 458 3256 absunt
481 3216 499 3256 a
522 3195 737 3272 subscriptione
760 3194 933 3255 Catoniana.
977 3215 1053 3272 quae
1077 3196 1248 3256 coniectura
1308 3255 1313 3263 ,

236 3303 271 3344 eo
295 3286 412 3363 egregie
434 3284 570 3348 firmatur
588 3285 669 3361 quod
690 3303 768 3344 anno
789 3286 872 3343 1481
892 3284 1010 3361 publice
1032 3286 1246 3361 interpretibus

236 3376 283 3433 est
303 3373 471 3434 Politianus
495 3374 574 3434 Stati
597 3374 694 3434 Silvas
723 3377 753 3433 et
779 3374 897 3434 vivente
927 3374 1023 3433 adhue
1045 3374 1178 3433 Domitio
1203 3405 1245 3415 -

309 3527 335 3595 1)
354 3524 389 3580 of.
408 3525 445 3583 M.
464 3525 545 3581 Porci
571 3525 684 3580 Catonis
707 3525 742 3580 de
766 3526 938 3596 agricultura
959 3525 1040 3579 liber.
1076 3524 1114 3579 M.
1133 3522 1246 3579 Terenti

236 3593 370 3650 Varronis
388 3613 481 3650 rerum
497 3597 665 3651 rusticarum
677 3595 745 3650 libri
757 3601 814 3652 tres
832 3613 866 3651 ex
881 3614 935 3651 reo.
949 3597 984 3649 H.
997 3595 1062 3650 Keil
1075 3595 1128 3651 vol.
1138 3596 1158 3650 I.
1172 3613 1200 3665 p.
1211 3593 1244 3664 V.-

309 3669 336 3737 2)
354 3684 411 3736 nou
432 3671 519 3739 negat
535 3667 692 3723 Politianus
719 3668 873 3723 leviuscula
894 3666 997 3736 menda
1024 3682 1054 3720 se
1081 3667 1167 3721 tacite
1186 3681 1245 3719 eor-

236 3736 349 3806 rexisse‚
367 3738 398 3792 id
417 3739 492 3807 quod
510 3755 595 3809 supra
614 3739 648 3794 de
667 3739 742 3796 Stati
759 3739 910 3806 collatione
928 3737 1084 3794 statuimus.
