2925 4192
266 396 309 459 50
619 393 649 445 e.
667 392 791 447 sarim
810 391 928 448 sensu

357 543 390 603 et
413 537 499 603 docti
521 539 611 603 furor
633 539 753 602 arduus
775 537 914 621 Lucreti,

359 631 391 692 et
414 627 470 712 qui
492 648 550 711 per
571 626 655 691 freta
678 626 771 691 duxit
793 625 1007 712 Argonautas,

356 720 389 781 et
412 715 468 801 qui
490 737 625 800 corpora
646 715 750 800 prima
772 716 989 801 transfigurat.

361 805 439 889 quid
460 804 564 869 maius
585 804 721 888 loquar?
745 804 815 888 ipsa
837 807 870 867 te
892 802 1017 868 Latinis

355 893 473 959 Aeneis
494 893 701 958 venerabitur
725 896 901 957 canentem.

355 1005 414 1048 nec
437 981 542 1047 solum
564 982 649 1046 dabo
672 981 850 1046 carminum
871 980 1020 1065 nitorem,

356 1071 413 1137 sed
435 1070 538 1136 taedis
560 1070 745 1156 genialibus
767 1070 881 1135 dicabo

356 1160 482 1225 doctam
505 1163 602 1244 atque
624 1158 756 1245 ingenio
780 1163 837 1223 tuo
861 1159 1016 1241 decoram,

356 1249 484 1333 qualem
508 1248 626 1313 blanda
648 1248 759 1313 Venus
782 1248 935 1332 daretque
957 1245 1037 1311 Iuno

355 1338 467 1420 forma,
490 1337 705 1422 simplicitate,
728 1336 889 1420 comitate,

355 1448 461 1510 censu,
484 1425 650 1512 sanguine,
672 1424 787 1510 gratia,
811 1425 932 1509 decore,

356 1518 388 1578 et
410 1518 534 1579 vestros
556 1513 757 1597 hymenaeon
780 1517 854 1578 ante
876 1516 986 1597 postes

355 1603 449 1668 festis
472 1602 622 1667 cantibus
644 1602 715 1686 ipsa
738 1602 927 1685 personabo.

355 1713 375 1756 o
398 1713 510 1755 saevae
533 1691 669 1755 nimium
692 1713 870 1777 gravesque
892 1690 1024 1755 Parcae!

355 1803 374 1845 o
397 1801 574 1864 numquam
597 1780 672 1843 data
694 1781 792 1866 longa
815 1780 882 1845 fata
905 1779 1050 1845 summis!

355 1890 413 1934 cur
434 1869 517 1955 plus,
540 1869 649 1955 ardua,
670 1868 799 1933 casibus
821 1867 961 1952 patetis?

355 1979 412 2023 cur
434 1979 529 2022 saeva
551 1957 620 2022 vice
642 1980 761 2044 magna
783 1979 848 2022 non
872 1957 1062 2039 senescunt?

355 2046 400 2112 sic
423 2051 536 2112 natum
557 2045 747 2112 Nasamonii
770 2046 926 2111 Tonantis

354 2139 429 2220 post
452 2139 543 2201 ortus
567 2136 741 2219 obitusque
763 2134 952 2200 fulminatos

354 2228 493 2309 angusto
516 2222 666 2307 Babylon
687 2223 806 2307 premit
829 2224 983 2309 sepulcro.

355 2313 400 2376 sic
422 2313 524 2376 fixum
546 2311 671 2375 Paridis
693 2334 791 2375 manu
814 2312 982 2377 trementis

353 2400 487 2465 Peliden
508 2399 622 2464 Thetis
644 2400 772 2464 horruit
794 2401 968 2465 cadentem.

355 2489 402 2553 sic
423 2488 503 2572 ripis
526 2510 587 2574 ego
610 2489 840 2553 murmurantis
862 2489 967 2554 Hebri

353 2599 419 2641 non
440 2581 568 2642 mutum
590 2582 686 2661 caput
709 2576 855 2661 Orpheos
878 2578 1043 2662 sequebar.

354 2666 400 2730 sic
423 2670 457 2730 et
478 2670 515 2730 tu
540 2704 581 2712 —
605 2665 711 2730 rabidi
733 2667 824 2731 nefas
847 2667 992 2750 tyranni!
1019 2704 1056 2714 —-
1227 2685 1281 2732 100

354 2756 459 2820 iussus
481 2755 690 2840 praecipitem
714 2755 823 2820 subire
846 2756 981 2841 Lethen,

337 2971 369 3019 76
388 2965 534 3020 Lueretius
553 2964 675 3020 Setinius
693 2983 720 3018 n
738 2968 770 3020 ia
787 2984 839 3037 my.
935 2970 967 3019 79
988 2964 1074 3031 Quid:
1093 2938 1163 3035 quin
1180 2985 1206 3019 m

264 3036 415 3104 loquart:
433 3036 578 3105 loquoris
666 3036 729 3106 ipsa
748 3042 787 3092 nl:
806 3036 905 3106 ipseI.
1014 3036 1227 3108 angarialibus
1248 3056 1281 3097 s:

264 3105 437 3177 genitalibus
527 3112 560 3161 89
579 3106 692 3178 ingenio
710 3111 761 3162 tuo
779 3113 819 3163 1:
842 3107 988 3179 ingenitae
1007 3114 1027 3161 Ι.
1127 3114 1160 3163 85
1180 3108 1280 3179 sinpli-

266 3176 353 3232 citate
371 3183 391 3229 1·
480 3176 600 3233 coniunx
618 3177 733 3249 egregia
751 3196 777 3231 m
801 3181 833 3233 ia
850 3196 902 3249 mp.
1011 3184 1045 3232 87
1064 3179 1221 3249 hymeneon
1239 3185 1281 3236 1:

264 3254 440 3317 ymeneonI.
547 3251 642 3317 postes
659 3254 699 3305 1:
726 3252 807 3319 potes
823 3248 864 3322 llis
887 3252 956 3318 (feeit
982 3253 996 3304 t
1021 3252 1164 3321 melseo)
1187 3257 1207 3303 Ι.

266 3325 299 3373 89
319 3326 441 3373 sevaeI.
495 3320 688 3392 gravesffllque
706 3325 731 3389 (s
750 3324 906 3389 00000001.
979 3326 1013 3375 90
1031 3321 1093 3376 fata
1112 3338 1141 3381 ςι
1160 3321 1234 3376 festa

265 3396 299 3443 99
319 3389 486 3445 sevavieen
575 3396 609 3444 99
628 3390 669 3445 sie
687 3393 785 3445 natum
805 3409 834 3451 ςε
861 3392 1008 3463 Signatum
1099 3398 1133 3447 94
1151 3393 1221 3447 Post
1238 3398 1278 3447 nl:

264 3458 350 3530 po’I.
455 3465 490 3515 90
508 3464 629 3532 angusto
648 3467 681 3517 L:
709 3463 837 3532 Augusto
856 3469 883 3516 Μ
971 3464 1097 3533 babylon
1115 3466 1144 3535 (y
1161 3480 1196 3519 ec
1213 3462 1223 3515 i
1241 3464 1279 3533 m)

336 3532 482 3603 sepulchro
590 3539 625 3587 96
643 3534 789 3588 trementis
816 3550 845 3593 ςε
872 3536 1024 3604 prementis
1048 3542 1081 3593 L:
1106 3533 1279 3605 praementis

264 3606 293 3672 (a
310 3605 361 3659 del.
379 3611 406 3659 et
423 3621 483 3673 erp.
502 3606 538 3674 n)
556 3610 596 3660 1:
614 3604 747 3658 trementi
765 3606 951 3662 Marklandaa
1023 3611 1057 3660 97
1076 3606 1163 3660 thetis
1183 3604 1225 3674 (th
1244 3622 1281 3660 ιω

264 3674 352 3745 (11¹)
369 3680 409 3730 1:
428 3674 533 3730 tetisl.
611 3674 738 3730 orrnitn
823 3681 857 3730 99
877 3677 1005 3732 orieosI.
1094 3682 1145 3730 100
1163 3676 1280 3746 tyranni

263 3744 427 3815 (yexinr)
501 3745 872 3801 1011aether1210ten1.
