2925 4192
585 334 908 402 susurronum.
1185 334 1247 397 129

238 480 434 564 auspicium,
457 483 578 562 quanto
601 483 769 543 manarent
791 479 908 565 gaudia
931 481 1010 544 fletu
1216 496 1248 543 10

239 592 359 653 quosve
378 569 486 632 darem
504 567 684 651 amplexus!
708 568 847 632 etiamne
865 568 1007 652 optanda
1025 567 1217 653 propinquis

238 658 368 722 tristia?
404 661 437 722 et
460 660 593 721 octonos
616 656 667 721 bis
690 656 755 719 iam
777 656 840 721 tibi
863 656 976 721 circuit
999 656 1094 721 orbes

238 748 320 832 vita,
343 746 399 811 sed
422 745 568 832 angustis
591 745 717 809 animus
739 745 904 810 robustior
927 745 1032 831 annis,

236 835 483 918 succumbitque
501 833 591 899 oneri
609 837 642 897 et
659 838 801 898 mantem
820 856 877 898 sua
893 856 960 899 non
978 834 1065 918 capit
1083 838 1179 898 aetas.

236 946 296 989 nec
317 923 448 989 mirum:
483 945 550 988 non
571 927 605 986 te
627 922 725 987 series
747 922 905 987 inhonora
928 927 1099 1006 parentum
1214 941 1246 987 15

237 1013 413 1078 obscurum
435 1012 564 1096 proavis
588 1015 620 1075 et
642 1010 767 1095 priscae
790 1011 871 1076 lucis
895 1016 1043 1098 egentem

237 1100 367 1185 plebeia
389 1101 427 1165 de
451 1100 553 1184 stirpe
576 1100 665 1185 tulit3
688 1122 753 1164 non
776 1100 931 1185 sanguine
955 1105 1061 1165 cretus

238 1189 370 1254 turmali
392 1190 568 1273 trabeaque
591 1211 700 1253 recens
724 1192 758 1252 et
779 1210 922 1273 paupere
945 1190 1034 1253 clavo

235 1282 407 1364 augustam
430 1277 538 1342 sedem
561 1281 594 1341 et
616 1277 701 1341 Latii
724 1278 890 1360 penetrale
913 1281 1042 1342 senatus

234 1366 357 1430 advena
380 1366 533 1450 pulsasti,
556 1366 611 1430 sed
634 1366 844 1449 praecedente
868 1369 998 1430 tuorum
1212 1383 1245 1429 20

234 1455 372 1541 agmine.
417 1454 567 1520 Romulei
591 1454 695 1539 qualis
717 1476 777 1537 per
799 1454 911 1541 iugera
934 1454 1024 1537 circi,

235 1566 309 1607 cum
332 1544 467 1627 pulcher
490 1544 575 1627 visu,
597 1543 702 1607 titulis
725 1565 901 1629 generosus
924 1543 1019 1608 avitis

236 1636 426 1715 expectatur
449 1654 563 1715 equus,
586 1632 677 1696 cuius
700 1632 739 1695 de
763 1635 932 1697 stemmate
955 1632 1052 1718 longo

235 1720 314 1785 felix
338 1719 511 1784 demeritos
533 1720 633 1783 habet
657 1720 834 1785 admissura
856 1726 1019 1806 parentes,

236 1807 330 1872 illum
349 1830 458 1872 omnes
478 1813 595 1871 acuunt
614 1808 760 1895 plausus,
778 1808 871 1873 illum
889 1809 959 1893 ipse
978 1809 1139 1873 volantem
1209 1826 1242 1873 25

236 1896 344 1981 pulvis
367 1899 400 1959 et
423 1896 571 1960 incurvae
595 1895 737 1983 gaudent
759 1918 932 1981 agnoscere
955 1902 1071 1961 motae:

234 1984 350 2068 sicta,
374 1983 457 2048 clare
480 2006 574 2071 puer,
597 1984 745 2070 genitum
768 1984 831 2049 sibi
855 1985 943 2049 curia
965 1985 1078 2071 sensit,

235 2073 403 2157 primaque
426 2072 562 2157 patricia
585 2072 699 2137 clausit
721 2072 858 2159 vestigia
880 2073 964 2137 luna.

234 2184 310 2227 mox
329 2161 443 2245 Tyrios
466 2183 506 2225 ex
528 2183 616 2226 more
636 2161 725 2225 sinus
743 2161 948 2245 tunicamque
970 2166 1138 2246 potentem

233 2272 393 2336 agnovere
417 2250 527 2314 umeri.
565 2250 725 2314 sedenim
744 2250 806 2314 tibi
825 2272 942 2336 magna
960 2250 1096 2333 parabat
1209 2269 1243 2315 ao

182 2336 185 2342 ’
233 2339 275 2403 ad
296 2339 410 2404 titulos
435 2340 584 2423 exempla
606 2343 707 2422 pater.
750 2339 872 2424 quippe
895 2338 950 2403 ille
973 2338 1137 2403 iuventam

234 2428 384 2512 protinus
406 2427 589 2514 ingrediens
611 2427 836 2511 pharetratum
858 2428 976 2492 invasit
998 2427 1129 2492 Araxen

234 2516 372 2601 belliger
394 2516 629 2601 indocilemque
651 2516 720 2581 fero
745 2517 862 2581 servire
884 2515 1008 2581 Neroni

233 2604 427 2667 Armeniam
473 2605 570 2689 rigidi
593 2627 751 2669 summam
773 2605 928 2670 Mavortis
951 2605 1070 2691 agebat

233 2690 388 2776 Corbulo,
411 2692 467 2756 sed
490 2693 640 2757 comitem
663 2694 741 2757 belli
765 2694 950 2777 sociumque
972 2693 1121 2758 laborum
1207 2711 1240 2758 35

232 2779 288 2843 illc
313 2801 441 2863 quoque
465 2780 604 2866 egregiis
626 2780 922 2863 multummiratus
945 2781 980 2844 in
1003 2780 1099 2845 arinis

231 2868 404 2952 Bolanum;
427 2872 523 2951 atque
547 2869 595 2932 illi
619 2890 767 2933 curarum
789 2869 966 2953 asperrima
989 2872 1098 2933 suetus

232 2956 359 3021 credere
382 2957 561 3041 partirique
583 2962 703 3041 metus,
727 2957 812 3041 quod
834 2962 963 3040 tempus
986 2958 1123 3022 amicum

230 3045 413 3130 fraudibus,
437 3051 547 3110 exerto
571 3068 728 3130 quaenam
750 3046 835 3110 bona
857 3050 1004 3129 tempora
1027 3045 1127 3131 bello,

305 3263 337 3309 11
356 3256 520 3326 propinquis
539 3275 567 3314 s:
586 3255 749 3325 propinqui:
768 3255 925 3325 propinqua
944 3256 1087 3311 Krobuias
1159 3264 1191 3311 12
1211 3260 1240 3311 et

229 3330 347 3382 octonos
366 3344 396 3387 s:
415 3329 448 3380 ut
461 3329 572 3381 ottonos
628 3332 660 3379 13
680 3326 808 3395 angustis
827 3345 856 3385 s:
876 3327 1003 3397 augustis
1022 3327 1068 3397 (-is
1083 3329 1238 3397 οπο-111111)

304 3404 337 3452 17
356 3401 445 3453 tretns
542 3404 575 3451 18
600 3398 754 3467 trabeaque
772 3414 868 3452 recens
887 3402 917 3453 et
930 3399 1085 3454 Krobuius:
1103 3398 1239 3467 trabeque

232 3484 265 3521 ac
283 3468 367 3524 remis
386 3473 426 3523 et:
444 3469 598 3538 trabeaque
612 3467 693 3523 Remi
711 3485 763 3523 nec
777 3469 892 3538 Lipsius
959 3475 991 3522 21
1007 3468 1099 3536 qualis
1117 3470 1166 3538 (qu
1183 3486 1239 3524 ras.

231 3556 266 3593 ea
288 3540 332 3593 aci
349 3541 401 3610 w)
472 3546 506 3593 22
524 3539 681 3611 generosiss
758 3546 792 3593 23
811 3542 960 3593 stammate
1023 3544 1057 3592 24
1076 3539 1238 3595 demeritos:

231 3610 362 3665 emeritos
382 3612 529 3667 Gevartius
626 3616 660 3664 27
680 3610 827 3666 curia1¹:
856 3628 922 3665 cura
994 3614 1027 3662 39
1047 3613 1141 3664 exerto
1160 3611 1238 3667 Livi-

231 3682 321 3735 neius:
341 3688 436 3736 exorto

285 3778 369 3818 Srsrn
382 3780 477 3821 smvu.
1063 3776 1078 3823 9
