2925 4192
254 375 298 460 88'
603 394 634 448 P.
652 392 776 449 Parim
795 394 911 449 suurn

255 546 288 606 te
311 545 438 605 tantum
461 539 611 604 miserata
634 539 730 624 dedit,
754 539 925 624 superique
948 543 1097 624 potentes

254 629 408 694 invidiam
431 629 566 693 timuere
590 632 688 692 tuam.
733 632 809 713 post
832 628 894 692 ista
918 628 1134 713 propinquum

253 739 339 783 nunc
356 718 419 782 iter
438 717 660 802 optandosque
680 716 768 781 sinus
787 738 892 781 comes
910 716 957 781 ire
975 715 1133 781 moraris?

253 808 317 871 beu
338 807 397 871 ubi
419 810 497 871 nota
518 805 597 869 fides
620 809 733 890 totque
757 804 924 888 explorata
947 827 1006 889 per
1028 827 1118 889 usus,

255 918 318 980 qua
339 900 477 979 veteres,
498 894 608 958 Latias
631 892 757 977 Graiae,
779 893 927 958 heroidas
950 895 1091 977 aequas?
1226 914 1261 961 45

254 986 334 1050 isset
351 985 392 1048 ad
408 982 521 1047 Iliacas
544 1020 580 1030 —
603 982 680 1067 quid
699 981 784 1045 enim
802 981 943 1047 deterret
962 984 1128 1047 amantes?
1147 1022 1191 1030 -

254 1072 416 1157 Penelope
440 1072 550 1159 gavisa
572 1071 697 1155 domos,
720 1070 748 1135 si
770 1092 884 1155 passus
906 1070 1033 1155 Ulixes3

255 1165 368 1246 questa
386 1165 436 1225 est
453 1159 603 1246 Aegiale,
626 1162 740 1243 questa
758 1163 808 1223 est
825 1159 986 1224 Meliboea
1003 1160 1157 1245 relinqui,

255 1255 288 1314 et
304 1272 400 1334 quam
410 1272 559 1333 -quam
572 1248 880 1313 saevit-fecerunt
898 1248 1052 1313 maenada
1066 1249 1225 1334 planctus.

255 1362 314 1403 neo
337 1338 442 1403 minor
464 1337 516 1402 his
538 1342 576 1401 tu
597 1359 691 1402 nosse
713 1336 809 1400 fidem
827 1336 990 1421 vitamque
1014 1338 1139 1403 maritis
1229 1358 1264 1405 66

255 1428 377 1492 dedere.
419 1427 465 1491 sic
488 1430 573 1491 certe
597 1425 718 1490 cineres
740 1425 950 1509 umbramque
973 1426 1115 1509 priorem

257 1516 384 1599 quaeris
406 1515 523 1599 adhuc,
546 1514 592 1578 sic
615 1513 767 1597 exequias
790 1515 939 1597 amplexa
961 1515 1070 1579 canori

256 1604 401 1690 coniugis
421 1604 570 1689 ingentes
592 1601 717 1666 iterasti
740 1606 871 1686 pectore
893 1603 1051 1689 planctus

255 1694 319 1757 iarn
337 1714 416 1756 mea.
448 1714 507 1756 nec
525 1690 630 1776 pietas
649 1690 711 1753 alia
729 1691 860 1755 esttibi
883 1714 1022 1777 curaque
1039 1697 1143 1777 natae,

256 1782 302 1846 sic
325 1785 358 1845 et
380 1784 483 1845 mater
505 1802 606 1862 amas,
628 1779 674 1843 sic
695 1801 871 1863 numquam
894 1781 987 1845 corde
1010 1780 1130 1845 recedit
1230 1802 1265 1847 66

256 1874 333 1934 nata
356 1874 422 1955 tuo,
444 1870 605 1952 fixamque
629 1868 727 1931 animi
751 1868 972 1951 penetralibus
995 1870 1069 1934 imis

254 1963 349 2024 nocte
372 1958 487 2043 dieque
510 1962 607 2021 tenes.
653 1979 717 2022 non
742 1957 787 2021 sic
809 1956 979 2022 Trachinia
1001 1958 1095 2023 nidos

256 2047 414 2132 Alcyone,
437 2067 551 2111 vernos
574 2068 639 2110 non
662 2046 708 2109 sic
729 2044 909 2111 Philomela
931 2052 1065 2132 penates

258 2135 403 2201 circumit
422 2135 619 2219 amplectens
637 2134 840 2218 animamque
858 2134 892 2198 in
911 2136 1048 2221 pignora
1066 2138 1227 2201 transfert.
1259 2168 1260 2171 ¹

259 2230 291 2289 et
314 2246 399 2289 nunc
421 2224 478 2287 illa
500 2228 598 2308 tenet,
620 2222 716 2287 viduo
741 2223 826 2306 quod
849 2224 917 2287 sola
939 2225 1038 2290 cubili
1230 2245 1266 2291 so

259 2313 326 2377 otia
348 2314 412 2376 iam
435 2312 588 2395 pulchrae
611 2311 689 2375 terit
711 2311 881 2375 infecunda
904 2312 1061 2378 iuventae.

257 2401 313 2466 sed
335 2400 478 2483 venient,
502 2399 607 2483 plenis
630 2400 760 2464 venient
782 2400 919 2464 conubia
942 2401 1051 2466 taedis.

258 2490 304 2554 sic
326 2493 412 2554 certe
434 2490 618 2571 formaeque
642 2487 737 2552 bouis
761 2488 921 2573 animique
944 2495 1100 2576 meretur3

257 2579 324 2643 sive
347 2578 461 2661 chelyn
485 2576 653 2661 complexa
675 2577 761 2659 petit
784 2599 840 2641 seu
862 2600 939 2642 voce
961 2583 1097 2662 patema

258 2667 442 2732 discendum
463 2665 565 2730 Musis
587 2669 681 2730 sonat
704 2670 738 2729 et
760 2688 831 2730 mea
854 2666 993 2731 earmina
1015 2668 1131 2754 flectit,
1231 2687 1267 2735 66

225 2823 227 2826 ,
258 2756 391 2821 candida
413 2777 469 2819 seu
492 2754 582 2819 molli
606 2754 727 2817 diducit
751 2754 882 2819 brachia
904 2759 1007 2820 motu:

257 2845 423 2932 ingenium
446 2843 594 2927 probitas
617 2847 784 2927 artemque
806 2843 963 2908 modestia
985 2844 1093 2909 vineit.

257 2956 363 2998 norme
385 2934 471 2998 leves
494 2954 624 3017 pueros,
647 2954 711 2995 non
734 2936 782 3017 te,
806 2930 978 3016 Cytherea,
1001 2934 1138 3017 pudebit

329 3183 363 3232 46
382 3176 488 3247 graias:
509 3176 694 3245 Graiaeques
766 3183 800 3231 46
818 3177 920 3231 Iliacas
935 3195 965 3237 ςε
983 3177 1082 3232 iliacos
1154 3186 1189 3234 48
1208 3180 1270 3235 Me-

259 3249 353 3303 liboea
377 3267 405 3305 ςε
432 3246 549 3301 melibia
670 3254 704 3301 49
728 3264 813 3316 quam
831 3280 866 3288 —
884 3266 970 3317 quam
988 3248 1075 3304 saevi!
1095 3281 1130 3290 —
1148 3251 1269 3307 Politia-

257 3338 323 3375 aoa:
349 3334 520 3388 quamquam
539 3318 616 3372 saevi
643 3322 753 3388 (mirum
770 3322 802 3373 ia
819 3322 929 3375 modum
950 3322 994 3375 hic
1012 3321 1086 3375 loces
1103 3322 1269 3377 coemeteria

258 3398 403 3461 temptatus
429 3394 478 3458 eet)
585 3394 619 3442 50
641 3388 786 3457 vitamque
809 3407 838 3448 s:
870 3390 1044 3459 victamque:
1076 3388 1269 3462 invictamque

259 3463 400 3517 Baehrens
484 3463 518 3513 66
537 3459 619 3513 corde
637 3459 744 3515 recedit
760 3460 813 3515 1¹:
832 3462 939 3516 recedit
957 3462 1040 3516 corde
1129 3467 1163 3516 66
1182 3479 1269 3535 pene·

261 3532 410 3587 trabilibus
482 3535 516 3584 67
535 3529 686 3584 Trachinia
704 3548 733 3590 ςι
752 3531 872 3587 intracia
948 3538 982 3587 68
1000 3549 1099 3587 vernos
1119 3550 1148 3593 ςι
1166 3550 1270 3589 nervos

331 3600 497 3672 philomelia
569 3606 602 3654 60
620 3603 709 3656 tenet:
728 3605 807 3675 tepet
824 3604 964 3659 Baehrens
1033 3604 1151 3659 viduum
1168 3637 1204 3646 —
1221 3623 1270 3661 cu-

259 3674 317 3730 bile
336 3676 482 3730 Geeartios
558 3678 591 3725 61
610 3672 679 3728 iam:
697 3676 758 3727 tam
776 3674 934 3729 Politiaaos
1020 3680 1053 3728 66
1073 3674 1216 3745 animique
1237 3696 1270 3737 5:

260 3744 425 3813 animaeque
515 3749 548 3797 64
567 3742 652 3813 petit:
679 3743 746 3798 ferit
763 3745 948 3815 Peyraredus:
976 3746 1070 3814 quatit
1089 3747 1195 3803 Woller
