2925 4192
255 353 318 417 126
563 318 569 327 ’
604 351 635 405 Ρ.
653 350 777 404 aranu
796 349 914 405 srlrn

253 503 413 582 tempora3
449 495 514 560 vidi
538 496 626 561 omni
648 495 774 579 pridem
797 498 830 559 te
852 495 931 559 flore
954 493 1124 575 nitentem,
1209 544 1211 549 .

253 586 320 650 vidi
342 585 426 650 altae
449 584 585 669 propius
606 583 805 668 propiusque
828 582 975 647 accedere
999 582 1138 646 dextrae.
1189 603 1192 607 ’

252 698 318 740 non
341 675 375 738 in
398 679 430 739 te
453 673 543 756 fatis,
564 694 631 737 non
653 672 717 737 iam
741 671 933 737 caelestibus
955 670 1031 735 ullis
1213 687 1264 735 185

255 763 437 828 arbitrium:
473 784 598 826 mecum
621 761 684 825 ista
706 762 783 826 fero.
829 764 866 825 tu
887 759 991 824 limite
1014 763 1130 843 coepto

254 852 349 917 tende
366 851 472 917 libens
490 872 678 933 sacrumque
695 849 781 913 latus
800 848 994 935 geniumque
1012 852 1179 932 potentem

188 980 194 991 -
254 940 454 1025 inrequietus
477 961 555 1003 ama.
600 960 698 1023 nuno,
721 938 809 1021 quod
831 936 923 1021 cupis
946 936 1016 1021 ipse
1040 936 1158 1020 iuberi,

254 1029 294 1093 da
317 1028 508 1113 Capitolinis
531 1031 697 1093 aeternum
720 1026 851 1091 sedibus
874 1047 1000 1109 aurum,

255 1140 318 1201 quo
341 1117 444 1182 niteat
467 1116 548 1181 sacri
572 1120 706 1181 centeno
729 1114 871 1199 pondere
893 1114 1003 1179 vultus
1213 1132 1263 1179 100

255 1206 399 1271 Caesaris
422 1210 456 1271 et
478 1204 629 1289 propriae
652 1204 761 1290 signet
783 1202 925 1268 cultricis
948 1225 1097 1268 amorem.

254 1296 300 1360 sie
323 1318 384 1382 ego
406 1317 465 1359 nec
487 1293 601 1358 Furias
623 1315 683 1357 nec
706 1291 865 1357 deteriora
888 1291 1004 1356 videbo

256 1384 389 1449 Tartara
412 1387 444 1447 et
466 1382 595 1467 Elysias
617 1381 696 1446 felix
719 1381 872 1446 admittar
894 1380 929 1444 in
952 1380 1044 1445 oras’

253 1473 332 1537 haec
354 1472 432 1536 dicit
453 1471 567 1535 labens
590 1470 759 1553 sociosque
783 1468 989 1553 amplectitur
1011 1473 1100 1533 artus

253 1561 503 1643 haerentemque
526 1558 665 1623 animam
686 1580 754 1623 non
775 1557 878 1622 tristis
900 1558 935 1622 in
959 1579 1014 1621 ora
1037 1558 1144 1621 mariti
1212 1574 1263 1621 195

255 1648 423 1713 transtulit
446 1652 479 1712 et
501 1669 574 1712 cara
596 1646 715 1731 pressit
738 1669 795 1710 sua
817 1646 941 1711 lumina
963 1646 1083 1711 dextra.

324 1742 357 1801 at
379 1736 504 1802 iuvenis
527 1757 646 1822 magno
668 1736 851 1800 flammatus
874 1739 1006 1818 pectora
1027 1734 1117 1803 luctu

258 1849 344 1891 nunc
366 1826 482 1909 implet
504 1846 597 1890 saevo
620 1824 734 1888 viduos
758 1824 895 1889 clamore
919 1827 1064 1909 penates,

253 1937 339 1980 nunc
361 1915 482 1980 ferrum
503 1914 612 1979 laxare
636 1912 740 1998 cupit,
761 1934 847 1977 nunc
870 1913 968 1976 ardua
990 1911 1095 1976 tendit

255 2004 289 2068 in
306 2005 377 2069 loca
391 2042 432 2049 —
446 2003 502 2069 vix
520 2002 661 2067 retinent
681 2002 814 2066 comites
827 2039 885 2084 -,
902 2023 987 2065 nunc
1006 2023 1061 2066 ore
1079 2000 1180 2087 ligato
1211 2018 1263 2065 200

253 2093 387 2158 incubat
410 2092 544 2157 amissae
567 2113 773 2174 mersumque
797 2090 831 2154 in
853 2090 947 2155 corde
970 2089 1113 2155 dolerem

257 2204 369 2247 saevus
392 2181 474 2267 agit,
498 2180 602 2265 qualis
625 2184 798 2264 conspecta
821 2178 956 2265 coniuge
980 2178 1087 2264 segnis

257 2269 412 2353 Odrysius
435 2273 525 2333 vates
547 2268 664 2351 positis
687 2268 728 2331 ad
751 2266 923 2351 Strymona
945 2266 1077 2350 plectris

256 2357 428 2441 obstupuit
450 2357 639 2440 tristemque
662 2378 778 2441 rogum
802 2354 870 2420 sine
894 2356 1032 2420 carmine
1055 2356 1152 2420 flevit.

256 2446 311 2511 ille
335 2446 432 2510 etiam
456 2448 560 2510 erecte
579 2445 725 2528 rupisset
747 2449 895 2528 tempora
916 2445 1015 2527 vitae,
1211 2461 1264 2508 205
1388 2526 1389 2529 Ἴ

254 2557 294 2599 ne
317 2539 354 2599 tu
374 2534 562 2599 Tartareum
584 2533 681 2598 chaos
703 2533 890 2597 incomitata
913 2534 1051 2617 subires,

255 2624 310 2689 sed
332 2622 487 2708 prohibet
509 2643 600 2686 mens
622 2622 686 2685 fida
709 2621 799 2686 duas
821 2621 1028 2706 mirandaque
1051 2621 1149 2686 sacris

255 2712 400 2796 imperiis
424 2715 457 2775 et
479 2711 581 2777 maier
603 2732 700 2776 amor.

838 2799 909 2883 quis
931 2798 1070 2863 carmine
1093 2797 1191 2883 digno

255 2890 406 2974 exequias
429 2893 463 2953 et
485 2889 568 2953 dona
590 2888 692 2953 malae
714 2888 827 2952 feralia
847 2910 984 2972 pompae

255 2978 423 3065 perlegat?
459 3000 553 3042 omne
575 2976 643 3040 illic
665 2976 823 3060 stipatum
845 2976 990 3041 examine
1012 2975 1111 3062 longo
1211 2993 1264 3039 210

256 3089 311 3131 ver
333 3066 479 3131 Arabum
503 3065 701 3148 Cilicumque
724 3065 797 3129 fluit
819 3066 978 3149 floresque
1001 3063 1117 3129 Sabaei

255 3154 471 3238 Indorumque
494 3176 604 3219 arsura
627 3175 719 3240 seges
743 3158 977 3237 praereptaque
1000 3152 1130 3236 templis

255 3249 329 3308 tura
350 3242 554 3324 Palaestinis,
578 3241 673 3305 simul
694 3241 899 3326 Hebraeique
922 3241 1063 3325 liquores

328 3423 378 3471 121
397 3415 502 3486 signetz
521 3416 614 3485 signes
632 3417 772 3470 Baeticus
833 3420 882 3469 197
904 3415 1053 3469 flamnatus
1117 3419 1168 3467 202
1189 3409 1261 3483 agit:

256 3488 310 3542 alit
327 3489 512 3543 Marklandus
601 3491 750 3555 conspecta
768 3486 886 3557 coniuge
906 3484 1012 3556 segnis:
1030 3486 1180 3554 conspecto
1198 3500 1264 3538 con·

255 3558 330 3627 iugis
354 3557 415 3629 igni
432 3559 568 3612 Bantius
639 3562 690 3611 205
709 3557 848 3629 eraclesssls
870 3560 1004 3625 (primum
1027 3573 1042 3610 e
1065 3555 1263 3626 saproc.1¹3

256 3636 320 3684 ante
336 3646 466 3685 amaram
482 3629 589 3683 videa
606 3629 690 3696 [abac
706 3631 731 3681 -t
744 3629 785 3684 vel
798 3635 834 3697 ·r)
888 3632 939 3681 207
959 3627 1009 3682 Sec
1064 3626 1141 3681 ducis
1160 3625 1264 3680 miran-

256 3699 362 3767 daque:
378 3699 443 3754 duci
456 3701 506 3768 (sie
518 3701 613 3767 10000)
629 3698 821 3767 servandaque
832 3699 966 3754 Bantius
1020 3704 1070 3753 211
1085 3696 1263 3765 ciliciumque
