2925 4192
146 377 149 385 ,
255 318 353 373 LXXX
657 319 861 374 PRAEFATIO

254 469 332 528 unde
354 470 423 529 illas
446 470 564 530 litteras
587 489 677 548 supra
704 471 815 531 lineam
841 472 955 548 positas
982 475 1100 531 mutata
1126 473 1224 533 forma
1247 492 1265 532 a

254 558 382 637 vulgari,
405 559 456 618 sed
479 559 570 620 simili
591 561 671 619 inter
693 579 723 620 se
743 561 869 636 scriptas
887 561 978 620 fuisse
996 560 1179 622 coniecerim.
1208 563 1265 622 ad·
1377 618 1381 622 .

254 649 326 707 noto
349 647 441 708 etiam
464 642 502 708 ‘t’
524 649 659 708 litteram
681 649 789 709 erroris
812 667 916 708 ausam
942 649 1058 711 dedisse
1080 650 1204 710 librario
1227 646 1265 712 h:

256 730 404 814 ‘gravam'
424 737 542 813 scripsit
559 756 614 814 pro
633 732 776 816 ‘gratum'
796 729 918 820 (01011).
950 739 1031 798 idem
1048 740 1166 817 saepius
1184 741 1217 804 in
1233 734 1266 801 ll

256 844 373 901 quoque
395 829 552 902 peccatum
573 818 623 908 (cf.
638 826 667 883 V
681 827 710 902 5,
726 827 767 886 63
792 821 955 887 ‘devincas'
972 822 1003 889 11
1024 847 1079 905 pro
1098 822 1263 888 ‘detineas'.
1378 837 1381 843 '

254 913 283 970 V
297 916 326 990 3,
342 916 382 974 21
407 908 543 975 ‘semina'
566 935 620 992 pro
644 910 774 988 ‘semita'
797 907 850 997 al.)
873 936 927 975 nea
950 935 1010 976 non
1032 916 1064 976 in
1088 916 1170 977 Silio.
1212 918 1264 978 sed

254 1021 322 1062 cum
343 1023 435 1063 unum
452 1006 573 1064 tantum
601 1024 719 1064 carmen
742 1005 774 1063 in
796 998 821 1065 h
843 1007 952 1081 exstet,
979 1024 1040 1065 non
1067 1005 1163 1066 ausim
1191 1007 1265 1065 certi

255 1093 414 1168 quicquam
428 1093 600 1153 concludere
617 1092 745 1152 materia
758 1112 865 1169 parum
878 1093 1050 1154 sufficiente.
1073 1094 1148 1153 duas
1161 1097 1264 1154 tamen

252 1199 300 1239 res
322 1181 418 1240 teneri
440 1182 532 1241 velim
554 1181 592 1240 ad
615 1182 740 1241 eandem
762 1183 907 1260 originem
929 1183 1025 1242 redire
1043 1178 1067 1243 h
1086 1186 1117 1242 et
1133 1178 1176 1262 11,
1196 1184 1264 1242 dein

254 1270 387 1345 aliquam
413 1270 589 1330 relationem
614 1271 796 1330 intercedere
823 1272 902 1330 inter
928 1271 1122 1333 traditionem
1149 1271 1205 1332 sili
1232 1275 1264 1332 et

255 1357 412 1420 Silvarum.
419 1351 444 1440 ¹)

435 1569 503 1646 aa.
548 1570 862 1633 nuuovnuouas
886 1571 1089 1638 saniona

321 1712 399 1788 quod
421 1712 453 1771 in
476 1716 625 1790 apparatu
647 1714 750 1774 critico
774 1714 920 1792 quaedam
942 1715 1081 1792 apposui,
1105 1733 1180 1791 quae
1203 1715 1263 1774 for·

252 1803 332 1860 tasse
355 1801 453 1861 minus
476 1805 562 1861 erant
583 1804 758 1879 necessaria,
777 1806 864 1863 erunt
882 1804 934 1879 qui
951 1803 1129 1880 vituperent
1159 1804 1211 1863 sed
1227 1807 1263 1863 ut

253 1890 439 1968 cognationis
462 1890 614 1950 vinculum
637 1913 695 1969 quo
717 1893 813 1952 iuncti
840 1895 910 1952 sunt
935 1892 1004 1951 libri
1027 1887 1051 1954 h
1074 1886 1157 1953 0111
1179 1895 1263 1970 pate-

252 1978 345 2054 fieret,
363 1999 401 2038 ne
420 1979 458 2040 ad
477 1981 722 2058 orthographicas
741 1983 860 2058 quidem
878 1981 1020 2040 minutias
1038 2000 1263 2057 nonnumquam

248 2067 427 2128 'descendere
450 2069 562 2128 veritus
585 2087 658 2128 sum.
691 2074 794 2130 contra
816 2091 876 2130 uon
899 2070 996 2129 solum
1013 2070 1157 2130 Politiani
1174 2073 1261 2130 notas

254 2157 349 2232 omisi,
372 2157 423 2217 sed
447 2157 538 2216 etiam
560 2157 674 2217 codices
696 2159 829 2219 novicios
852 2152 935 2218 exli
958 2162 1039 2218 ortos
1057 2162 1129 2218 nota
1147 2177 1165 2227 ς
1184 2177 1261 2219 oom-

248 2245 404 2320 'preheudi
445 2245 477 2303 in
499 2245 593 2321 ipsius
615 2240 645 2306 11
668 2247 845 2306 lectionibus
867 2247 943 2307 hano
966 2250 1084 2307 secutus
1107 2266 1173 2306 sum
1195 2268 1262 2308 nor·

252 2352 346 2407 mam,
368 2335 404 2391 ut
431 2333 661 2412 orthographica
687 2335 740 2395 ubi
768 2336 958 2411 antiquitatis
986 2337 1112 2412 speciem
1134 2355 1207 2413 prae
1230 2355 1261 2396 se

251 2421 329 2480 ferre
355 2421 546 2498 videbantur,
569 2422 729 2501 diligenter
752 2442 912 2502 servarem,
935 2425 1052 2501 rehqua
1078 2426 1170 2485 ferme
1199 2425 1261 2485 abi·

253 2528 356 2569 aerem.
379 2530 474 2586 neque
488 2510 582 2588 igitur
600 2513 847 2572 commutationes
865 2513 1035 2573 litterarum
1050 2508 1089 2572 ‘e’
1104 2516 1135 2573 et
1148 2509 1208 2573 ‘aa'
1222 2518 1261 2590 et,

252 2617 328 2674 quae
337 2599 434 2658 rarior
446 2601 499 2675 est,
514 2594 572 2659 ‘oe’
582 2600 723 2660 adnotavi
736 2621 834 2678 neque
852 2603 888 2662 de
905 2596 948 2661 ‘h'
961 2603 1059 2678 posito
1073 2603 1135 2662 sive
1150 2603 1259 2664 omisso

247 2687 325 2776 mihi
346 2691 484 2749 constans
502 2708 572 2749 usus
593 2689 660 2752 fuit.
696 2691 748 2749 sed
769 2692 843 2750 haee
862 2693 893 2750 et
919 2691 1029 2750 similia
1051 2711 1097 2750 me
1114 2692 1260 2768 sprevisse

251 2795 337 2836 nemo
364 2777 555 2854 vituperabit.
594 2778 627 2837 in
652 2779 776 2856 reliquis
798 2798 869 2840 vero
896 2779 1079 2839 Matritensis
1102 2780 1261 2839 lectionem

251 2866 375 2942 retinui,
402 2886 462 2926 non
494 2867 572 2943 quod
604 2868 647 2928 sio
678 2887 793 2945 semper
823 2872 943 2946 poetam
979 2868 1078 2945 ipsum
1109 2869 1260 2946 scripsisse

251 2973 400 3014 censerem
434 2987 473 2996 -
508 2957 643 3032 quotiens
682 2959 857 3018 contendere
898 2956 1070 3016 audebimus
1110 2958 1166 3017 hoc
1206 2976 1260 3017 nos

251 3043 339 3102 scire!
353 3075 406 3119 —,
429 3043 480 3104 sed
502 3065 538 3103 ne
557 3048 671 3104 tentum
696 3047 847 3106 adunam
869 3047 997 3106 formam
1017 3045 1177 3124 redigendo
1201 3047 1260 3105 sin-

251 3151 319 3190 cera
337 3130 472 3190 delerem.
510 3133 584 3210 legis
607 3134 701 3212 igitur
723 3129 886 3194 ‘solemnis’
910 3139 941 3193 et
959 3129 1144 3210 ‘sollemnis',
1162 3130 1260 3194 ‘haut'

322 3317 348 3387 1)
367 3316 439 3374 falso
459 3317 585 3372 Glarkius
603 3320 621 3372 l.
636 3319 655 3374 l.
675 3320 726 3374 Sili
745 3321 870 3376 codicem
887 3327 908 3374 r
932 3321 1013 3392 (l'lor.
1028 3321 1098 3376 bibl.
1114 3322 1176 3376 aed.
1191 3322 1257 3376 eccl.

252 3389 314 3458 196)
326 3388 420 3457 ipsum
434 3389 575 3457 exemplar
587 3389 618 3443 in
626 3389 716 3461 Poggi
726 3410 809 3446 usum
822 3409 838 3446 e
849 3391 1048 3462 ‘Sangallensi’
1059 3394 1260 3462 transuiptum

251 3475 310 3514 esse
330 3460 480 3516 contendit.
513 3476 603 3530 neque
621 3462 695 3516 enim
714 3464 863 3518 correctrix
879 3478 979 3517 manus
1003 3464 1062 3518 eius
1084 3464 1152 3518 libri
1169 3464 1260 3535 Poggi

251 3534 294 3586 est
311 3548 401 3600 neque
420 3532 507 3587 codex
520 3532 723 3589 Laurentianus
739 3535 788 3604 qui
806 3535 843 3588 ad
856 3534 995 3589 familiam
1008 3534 1183 3606 Poggianam
1195 3551 1259 3605 per-

249 3602 330 3671 tinet,
349 3619 433 3659 exeo
451 3607 534 3659 natus
553 3620 612 3660 asse
651 3609 729 3662 otest.
768 3607 817 3660 sed
835 3605 954 3662 fortasse
977 3606 1035 3660 alia
1059 3606 1204 3661 occasione
1222 3606 1259 3660 de

250 3673 304 3730 hac
321 3691 351 3729 re
369 3675 458 3730 fusius
476 3691 559 3746 agere
576 3623 681 3732 licebit
