2925 4192
266 336 311 399 64
620 335 650 389 Ρ.
668 334 793 388 ΡΑΡΙΝΙ
812 334 929 390 STATII

265 480 411 565 —quod
432 480 498 543 iam
515 479 713 544 rarissimum
737 484 786 543 est
799 518 844 525 —
857 479 997 544 lacrimis
1016 500 1125 543 senem
1144 484 1279 564 patrem.
1382 512 1386 517 ·

265 569 404 633 Earinus
431 572 610 654 praeterea,
640 568 820 633 Germanici
851 568 954 633 nostri
985 568 1124 632 libertus
1152 568 1280 633 —seis

267 657 421 742 quamdiu
448 657 640 722 desiderium
673 657 742 722 eius
769 662 913 722 moratus
941 656 1015 741 sim,
1046 678 1119 721 enm
1145 657 1280 742 petisset

267 751 303 810 nt
331 747 465 831 capillos
493 769 580 831 suos,
611 768 691 831 quos
714 768 786 811 eum
814 750 975 831 gemmata
1002 746 1122 831 pyxide
1150 750 1183 810 et
1211 768 1280 830 spe·
1299 762 1332 811 aa

267 836 340 900 aulo
370 836 410 899 ad
445 834 681 921 Pergamenum
716 834 904 918 Asclepium
936 834 1102 917 mittebat,
1133 834 1280 899 versibus

267 924 454 989 dedicarem.
500 946 625 988 summa
651 928 702 989 est
733 924 862 1010 egloga,
891 946 953 1008 qua
981 946 1107 988 meeum
1134 924 1281 989 secedere

266 1012 440 1097 Neapolim
467 1012 632 1077 Claudiam
664 1035 769 1077 meam
802 1012 962 1077 exhortor.
1009 1011 1078 1096 hio,
1110 1012 1138 1077 si
1170 1034 1283 1077 verum

268 1102 417 1187 dicimus,
440 1124 545 1167 sermo
573 1106 636 1188 est,
668 1101 816 1186 equidem
844 1123 987 1188 securus,
1016 1104 1052 1166 ut
1081 1122 1154 1165 oum
1181 1123 1281 1166 uxore

268 1194 301 1255 et
334 1190 389 1275 qui
421 1192 612 1275 persuadere
644 1190 737 1256 malit
774 1212 870 1275 quam
906 1191 1041 1274 plaeere.
1086 1188 1162 1254 huie
1192 1211 1282 1273 prae·
1301 1206 1335 1255 30

268 1279 362 1362 cipue
394 1279 507 1344 libello
534 1280 672 1367 favebis,
704 1302 777 1344 eum
809 1279 891 1344 seias
921 1279 1003 1344 hano
1035 1278 1284 1343 destinationem

268 1367 387 1452 quietis
413 1390 502 1433 meae
530 1369 593 1433 tibi
618 1368 758 1433 maxime
786 1368 953 1433 intendere
979 1390 1094 1452 meque
1122 1389 1188 1432 non
1216 1372 1284 1431 tam

268 1457 303 1520 in
325 1457 464 1539 patriam
489 1479 584 1540 quam
608 1458 648 1520 ad
670 1461 703 1521 te
726 1458 882 1522 secedere.
923 1456 1002 1521 vale.

669 1690 882 1699 m

766 1882 789 1949 I.

396 2021 585 2077 Haacunns
605 2021 859 2077 SURRENTINUS
878 2021 1158 2090 Poanssuumcrs

336 2147 524 2212 Intermissa
547 2148 610 2213 tibi
631 2153 778 2233 renovat,
801 2149 985 2235 Tirynthie‚
1007 2170 1097 2213 saera

270 2235 395 2300 Pollius
419 2240 453 2301 et
476 2259 586 2301 causas
609 2237 757 2323 designat
781 2238 898 2303 desidis
922 2238 1010 2322 anni,

271 2325 358 2408 quod
382 2324 496 2389 eoloris
520 2325 639 2389 maiore
662 2326 754 2390 tholo
777 2348 836 2391 neo
858 2326 955 2391 litora
978 2349 1102 2410 pauper

271 2412 356 2477 nuda
380 2416 472 2477 tenes
495 2417 683 2496 testumque
706 2414 797 2501 vagis
820 2414 1000 2479 habitabile
1023 2414 1144 2498 nautis,

271 2501 328 2565 sed
349 2500 471 2566 nitidos
493 2505 604 2585 postes
628 2501 783 2587 Graisque
807 2504 918 2567 effulta
941 2504 1081 2568 metallis
1324 2520 1339 2567 ὅ

272 2589 425 2674 eulmina,
448 2612 507 2655 eeu
530 2590 633 2655 taedis
654 2591 774 2655 iterum
795 2591 951 2657 lustratus
974 2592 1102 2657 honesti

272 2678 359 2765 ignis
382 2680 424 2743 ab
448 2678 568 2743 Oetaea
591 2680 813 2745 conscenderis
836 2682 966 2746 aethera
988 2682 1124 2745 flamma.

270 2768 326 2833 vix
349 2768 452 2832 oeulis
475 2769 645 2852 animoque
668 2769 756 2835 fides.
802 2774 880 2835 tune
903 2770 958 2834 ille
981 2770 1098 2834 reolusi
1383 2744 1386 2943 ¹

270 2856 393 2921 liminis
416 2861 450 2921 et
472 2880 589 2941 parvae
613 2862 720 2923 eustos
743 2858 901 2944 inglorius
924 2858 1019 2923 arae?

272 2946 356 3010 unde
374 2945 454 3010 haee
473 2948 546 3011 aula
563 2970 674 3011 reeens
696 2947 869 3034 fulgorque
887 2948 1037 3031 inopinus
1057 2947 1177 3034 agresti
1310 2962 1342 3010 ιο

271 3031 427 3099 Aloidae?
463 3040 539 3099 sunt
561 3036 628 3100 fata
651 3036 759 3121 deum,
782 3040 859 3101 sunt
881 3037 949 3101 fata
971 3036 1128 3101 locorum!

344 3268 378 3315 22
397 3262 455 3316 iam
472 3262 648 3316 ranesimnm
662 3264 816 3319 Baehrens:
836 3262 1055 3320 amarissimum:
1074 3262 1251 3319 rarissimum
1271 3280 1288 3323 ς

345 3337 379 3404 23
397 3332 517 3387 Earinus
536 3350 565 3393 ςι
591 3333 698 3388 larinus
782 3334 843 3389 seis
867 3336 995 3391 Vollowr:
1020 3335 1074 3390 seit
1162 3340 1196 3390 26
1216 3350 1288 3404 quos
1385 3338 1386 3409 l

273 3421 337 3457 eum
351 3402 392 3456 Μ’
409 3404 441 3457 ia
458 3422 522 3476 mn:
542 3421 732 3473 quoscumque
786 3411 820 3459 27
840 3406 935 3462 sedere
955 3410 1024 3477 (exp.
1039 3408 1087 3476 1²,
1107 3407 1157 3461 del.
1171 3406 1288 3473 adria.)

275 3474 403 3529 secedere
494 3481 527 3529 29
547 3476 680 3532 dicimus:
698 3474 756 3530 diei
774 3475 817 3531 ris
836 3477 996 3533 Buraraaas
1084 3475 1217 3544 equidem
1235 3478 1289 3547 (re-

270 3546 355 3615 petiit
369 3564 395 3599 m
413 3549 445 3601 ia
457 3550 534 3619 πρῴ
553 3550 582 3602 et
600 3547 715 3616 quidem
734 3548 922 3603 Marklaadas
993 3554 1026 3601 33
1045 3546 1075 3601 in
1088 3550 1169 3617 pria3
1182 3548 1288 3601 »nota-
1385 3548 1386 3551 ’

275 3616 433 3690 Nealpolim
450 3636 477 3671 m
494 3621 526 3674 ta
542 3637 594 3690 mg.
667 3637 736 3673 vana
756 3620 865 3686 (litteris
882 3621 984 3690 rubris)

345 3688 366 3743 1.
386 3694 402 3743 8
420 3692 452 3745 tu
470 3708 506 3745 ne
525 3694 554 3762 (n
572 3709 605 3746 ex
622 3709 642 3745 u
660 3693 695 3760 m)
782 3696 798 3744 9
817 3688 922 3743 liminis
942 3708 967 3744 e:
986 3688 1112 3743 Luminis
1384 3660 1386 3803 4
