2925 4192
614 345 820 401 PRAEFATIO
1111 347 1223 402 nxxm

212 515 281 556 reus
313 500 370 576 est,
403 516 470 556 cum
497 514 515 555 a
542 497 639 556 medio
667 517 694 557 v.
710 499 752 556 86
781 496 965 558 aberraverit
986 499 1026 558 ad
1052 502 1224 575 sequentem

213 586 360 662 huiusque
379 586 505 645 alteram
522 588 640 663 partem
656 585 703 646 bis
722 587 881 664 scripserit
903 587 1006 663 itaqua
1025 607 1093 647 eum
1105 607 1224 648 versum

213 694 274 734 non
305 673 504 752 abiciendum,
532 675 584 734 sed
616 674 766 735 mordicus
798 675 985 736 retinendum
1016 695 1079 736 esse
1111 696 1223 738 censeo.

214 763 393 824 sententiam
416 766 517 822 autem
534 765 617 824 cuius
635 762 751 823 librarii
768 758 798 825 ll
820 763 909 842 culpa
927 765 1079 825 amisimus
1097 768 1224 843 partem,

213 853 307 912 talem
328 852 389 912 fere
412 853 503 912 fuisse
526 853 673 928 suspicor:
695 847 768 931 <sed
791 853 863 929 quid
885 855 951 930 tua,
975 852 1099 931 Gallice,
1121 850 1224 934 iacta>

213 941 353 1002 attollam
376 943 479 1000 cantu:
503 942 616 1019 gaudet
638 942 879 1018 Thrasymennus
902 943 933 1000 et
954 941 1047 1019 Alpes
1070 962 1130 1019 eqs.

217 1089 219 1096 ,
281 1030 332 1090 sed
355 1049 414 1106 qua
436 1031 553 1090 ratione
576 1031 773 1107 explicabitur
796 1029 978 1090 difficultas?
1000 1030 1088 1090 illum
1104 1051 1223 1093 versum

213 1122 337 1196 propter
359 1119 486 1179 similem
509 1120 659 1196 sequentis
676 1138 778 1180 versus
801 1119 914 1178 exitum
932 1121 963 1178 et
984 1119 1073 1179 facile
1091 1122 1224 1196 potuisse

214 1208 316 1268 omitti
338 1227 357 1267 a
379 1208 511 1268 librariis
533 1209 565 1267 in
587 1209 747 1284 propatulo
771 1209 816 1267 est
839 1211 869 1268 et
887 1208 1072 1268 desideratur
1089 1208 1224 1268 inlibris

213 1289 352 1379 UGHIJ)
398 1317 474 1374 quac
501 1316 570 1357 cum
595 1297 640 1356 ita
670 1297 743 1373 siut,
770 1296 846 1356 nihil
877 1298 973 1357 restat
998 1298 1057 1357 nisi
1082 1299 1118 1357 ut
1145 1297 1225 1358 coni·

215 1388 327 1446 ciamus
349 1385 534 1446 Politianum
556 1388 588 1445 et
608 1385 707 1462 ipsum
729 1404 816 1445 usum
839 1404 901 1446 esse
925 1385 1098 1466 apographo
1121 1386 1225 1446 Matri-

214 1475 307 1536 tensis
331 1475 439 1535 codicis
462 1476 531 1535 huie
553 1474 630 1534 libro
653 1475 815 1535 simillimo.
848 1476 928 1553 quod
946 1476 972 1536 si
990 1476 1056 1552 quis
1079 1494 1139 1535 non
1156 1493 1225 1551 pro·

214 1564 332 1625 baverit
344 1565 532 1640 tonueritque
546 1564 672 1623 eundem
685 1583 749 1624 esse
763 1564 893 1625 codicem
906 1565 1093 1643 Poggianum
1107 1558 1226 1625 etll-'

215 1653 247 1712 id
270 1653 349 1729 quod
370 1653 492 1712 minime
511 1652 619 1712 suadeo
642 1685 681 1694 -
700 1653 726 1712 is
745 1672 877 1713 summae
896 1656 1003 1731 arguet
1020 1653 1226 1731 neglegentiae

215 1741 407 1817 Politianum‚
422 1741 474 1818 qui
491 1761 611 1802 versum
627 1742 643 1800 I
661 1743 691 1817 4,
706 1743 764 1800 86ι
780 1742 812 1800 in
831 1760 884 1801 suo
903 1742 1064 1817 exemplari
1082 1742 1227 1818 scriptum

216 1832 316 1890 deesse
336 1830 528 1891 contenderit.
565 1830 617 1888 sed
635 1829 697 1890 sive
716 1830 772 1888 hoc
791 1831 854 1890 sive
872 1831 948 1888 illud
964 1830 1111 1906 ponimm,
1124 1850 1226 1906 uuum,

216 1920 334 1996 opinor,
357 1919 549 1977 manifestum
571 1920 629 1996 est,
646 1917 738 1993 pretii
755 1917 824 1976 illas
844 1921 931 1976 notas
949 1921 1018 1992 post
1039 1917 1227 1996 Poggianum

216 2008 347 2068 codicem
369 2001 399 2068 ll
421 2009 628 2082 recuperatum
654 2006 766 2064 nullius
794 2023 869 2082 esse,
893 2005 1084 2081 quamobrem
1111 2025 1161 2065 eas
1188 2006 1227 2065 ab

218 2098 368 2174 apparatu
391 2097 494 2156 critico
517 2096 651 2178 exsulare
673 2086 788 2176 iussi.²)

284 2183 401 2244 Gallica
433 2187 534 2244 autem
560 2184 706 2259 scriptum
732 2202 823 2242 manu
855 2184 1006 2260 exemplar
1037 2201 1123 2242 suum
1149 2184 1227 2262 Pog-

216 2275 340 2352 giauum
362 2276 492 2333 testatur
513 2273 689 2332 Politianus.
736 2273 816 2349 quod
842 2273 989 2332 scribendi
1016 2291 1108 2351 genus
1138 2273 1227 2348 quale

217 2363 266 2439 sit,
288 2363 477 2441 cognoscitur
499 2382 535 2421 cx
557 2362 656 2421 codice
679 2361 880 2420 Laurentiano
903 2362 978 2438 plut.
998 2363 1050 2438 30,
1066 2364 1116 2438 10,
1140 2381 1228 2438 quem

217 2443 418 2533 Politianusl)
451 2451 655 2510 semireterem
692 2450 778 2526 dicit,
809 2449 915 2510 Petrus
948 2454 1048 2510 autem
1075 2450 1228 2511 Victorius

218 2541 302 2600 aliud
328 2541 461 2600 colosson
487 2557 547 2598 coa
574 2541 645 2599 odeo
674 2543 818 2598 eccetan
838 2541 1023 2613 usqueadeo
1045 2541 1130 2613 fidele
1151 2541 1229 2614 quod

218 2629 321 2688 cums
340 2628 463 2689 Gallicis
480 2631 619 2702 scriptum
637 2629 798 2697 videbatur,
826 2626 974 2688 Gallicam
991 2629 1085 2706 igitur
1103 2629 1229 2704 scriptu·

217 2735 284 2776 ram
303 2736 365 2777 esse
384 2717 566 2775 minusculae
584 2716 666 2775 illius
685 2717 798 2775 formae
822 2735 881 2793 qua
895 2714 976 2776 Galli
993 2716 1062 2774 inde
1081 2716 1118 2774 ab
1137 2716 1228 2774 unde-

291 2925 318 2994 1)
334 2916 456 2992 margini
474 2920 631 2990 adscriptus
650 2923 693 2976 est
710 2921 741 2974 in
755 2921 850 2976 codice
863 2927 898 2974 B:
917 2920 992 2974 unde
1010 2919 1041 2973 in
1058 2937 1078 2993 ρ
1097 2920 1133 2975 ab
1146 2920 1228 2976 initio

220 3011 285 3049 eum
303 2995 436 3048 omissum
454 3007 513 3046 csse
532 2991 690 3048 conieceris.

291 3066 318 3134 2)
335 3064 383 3118 hic
405 3064 525 3118 breviter
548 3063 635 3118 etiam
657 3063 692 3117 de
716 3063 756 3117 eis
779 3063 853 3117 notis
876 3078 960 3132 agere
981 3061 1088 3131 placet,
1106 3079 1177 3131 quae
1199 3063 1230 3118 in

220 3136 294 3192 Stati
315 3135 388 3189 libro
406 3134 576 3202 Florentino,
602 3134 706 3204 scripto
726 3150 799 3188 anno
819 3139 896 3199 1480,
916 3137 1023 3189 exstare
1041 3133 1162 3189 breviter
1180 3135 1229 3188 ad*

219 3207 328 3262 notavit
346 3206 503 3276 Lindsayus
521 3205 551 3259 in
571 3204 642 3260 ‘The
661 3205 795 3260 Classical
812 3205 925 3260 &new
942 3205 993 3258 XII
1011 3207 1115 3277 (1898),
1134 3223 1161 3276 p.
1177 3211 1229 3259 448

219 3279 284 3335 adn.
301 3285 325 3332 1.
360 3293 447 3332 unam
465 3277 612 3346 exscripsit
629 3279 726 3332 notam
744 3293 817 3344 quae
835 3279 878 3331 est
896 3276 933 3330 ad
951 3276 978 3330 V
991 3283 1016 3344 2,
1030 3281 1077 3331 48:
1098 3277 1142 3330 ‘in
1158 3277 1230 3331 auti·

220 3367 276 3418 quo
299 3352 360 3434 erat
382 3349 516 3404 venires?
555 3347 648 3446 qualis
672 3350 773 3446 autem,
789 3347 838 3401 ille
859 3347 932 3431 liber
956 3348 1117 3450 ‘antimus’
1136 3347 1230 3431 fuerit,

220 3419 616 3561 astusastus
634 3421 965 3559 plzsulfttiffl
977 3419 1231 3560 saisias?

219 3563 297 3619 tione
320 3563 355 3617 de
379 3578 435 3630 qua
457 3563 543 3617 verba
569 3560 639 3616 fecit
655 3561 758 3615 Hosius
786 3561 817 3614 in
843 3578 912 3615 mus.
931 3561 1019 3615 Rhen.
1034 3559 1122 3614 XLVI
1139 3563 1231 3630 (1891)

220 3651 247 3703 p.
264 3639 325 3775 5835),
339 3633 495 3758 lliniffll
511 3632 595 3758 grabi
613 3632 701 3687 latere
718 3632 790 3686 mihi
807 3647 972 3701 persuasum
990 3634 1040 3686 est.
