2925 4192
236 377 361 432 LXXXH
638 374 842 430 PRAEFATIO

238 527 378 588 moditati
401 528 534 603 student,
559 545 648 603 quam
671 545 747 602 quae
770 526 922 585 reeondita
945 528 1015 586 sunt
1037 529 1068 584 et
1090 524 1206 586 remota
1229 544 1248 586 a

238 618 319 677 vitae
342 617 510 675 cotidianae
534 616 760 676 consuetudine.¹
784 615 897 675 aooedit
920 615 1000 690 quod
1020 614 1053 672 in
1075 609 1105 676 ll
1127 615 1248 691 plenam

239 707 367 765 formem
386 705 587 766 observavisse
604 704 679 763 mihi
698 705 779 764 visus
802 723 867 764 sum
890 703 932 762 eis
953 703 1143 779 potissimum
1165 704 1246 780 loeis,

237 794 289 854 ubi
315 795 420 854 looalis
450 793 679 871 praepositionis
705 793 751 853 vis
783 792 912 851 effertur.
957 793 1119 852 certissime
1147 795 1248 852 autem

239 904 263 942 e.
282 904 311 961 g.
334 882 441 944 seimus
473 882 550 942 Stati
578 881 761 958 temporibus
788 881 846 940 dioi
878 881 1000 940 solitum
1031 900 1093 942 esse
1121 875 1246 959 ‘alligo'

240 991 301 1030 non
328 966 470 1050 ς1111131,
497 972 529 1030 id
557 972 636 1047 quod
663 991 698 1029 ex
719 971 819 1029 Plinio
841 972 967 1046 apparet
989 971 1041 1046 qui
1063 969 1249 1048 adalligandi

241 1061 364 1120 verbum
394 1060 488 1119 finxit.
534 1060 571 1119 ol.
598 1058 833 1136 Lindsay-Nohl
862 1078 891 1134 p.
911 1059 974 1118 355
1008 1059 1075 1118 adn.
1096 1062 1124 1120 1,
1168 1058 1248 1119 Plut.

239 1151 297 1211 eet.
329 1150 414 1208 Rom.
435 1152 484 1209 67.
507 1149 694 1209 1101111126.
726 1142 811 1209 inll
838 1149 936 1208 exstat
963 1141 1118 1224 ‘alligare’
1156 1147 1200 1205 IV
1219 1149 1249 1222 3,

243 1240 296 1298 48.
340 1241 440 1298 tamen
469 1255 529 1296 non
560 1237 645 1296 nimii
674 1238 731 1296 hoo
762 1236 938 1296 faciendum.
983 1237 1074 1294 etium
1105 1237 1250 1298 aecusati-

241 1346 347 1388 rorum
368 1326 530 1404 pluralium
552 1326 662 1385 formas
685 1327 717 1384 in
740 1326 778 1385 -is
801 1327 940 1384 exeuntes
961 1324 1138 1400 ubicumque
1164 1326 1196 1383 in
1218 1319 1250 1394 11

240 1417 381 1494 leguntur
408 1416 531 1475 servavi.
576 1434 670 1473 uuum
695 1433 801 1473 moneo
829 1432 878 1473 eas
904 1432 991 1474 voees
1021 1430 1097 1489 quae
1119 1414 1249 1492 Augusti

241 1506 342 1564 aetate
365 1505 403 1564 ·is
425 1502 576 1562 habebant
598 1495 649 1584 (of.
664 1502 697 1562 O.
712 1502 822 1579 Keller,
840 1522 892 1561 zur
909 1503 1104 1562 lateinisches
1123 1501 1248 1579 Spraeh·

240 1593 408 1670 geschichte
425 1592 458 1650 H
479 1613 507 1668 p.
529 1584 621 1675 289),
643 1592 736 1651 ferme
758 1611 816 1668 ·es,
843 1594 947 1651 eontra
972 1610 1048 1667 quae
1071 1592 1150 1667 apud
1176 1591 1249 1650 Ver.-

241 1681 348 1759 gilium
378 1680 595 1756 Horatiumque
631 1681 791 1756 fluctuant,
823 1699 873 1741 eas
904 1699 953 1740 -es
988 1682 1106 1739 tantum
1141 1679 1250 1740 hebere

240 1771 272 1828 in
294 1763 332 1831 11
379 1769 475 1830 solum
501 1771 616 1830 ralaois
642 1769 673 1828 Π
693 1772 721 1846 1,
741 1771 783 1828 49
811 1773 915 1829 eontra
940 1770 1019 1828 huno
1045 1787 1131 1828 usum
1152 1769 1251 1829 faeere

240 1859 372 1934 videtin,
394 1859 446 1917 sed
468 1859 504 1918 of.
528 1876 604 1935 quae
627 1858 662 1918 de
686 1858 841 1920 adieetiris
855 1859 895 1917 ·in
917 1879 937 1916 x
959 1857 1132 1918 exeuntibus
1150 1857 1253 1916 Keller

243 1947 383 2006 disseruit
400 1947 419 2008 l.
438 1947 457 2006 1.
480 1967 509 2024 p.
529 1948 592 2007 305
617 1950 648 2007 et
668 1947 760 2008 Prisc.
778 1947 795 2004 I
816 1967 844 2024 p.
860 1949 922 2006 361
943 1946 979 2006 E
1014 1950 1114 2006 tamen
1136 1948 1252 2006 ineerta

242 2039 288 2097 est
323 2055 384 2110 res,
413 2054 480 2094 eum
510 2035 626 2096 librarii
662 2055 722 2095 101
757 2037 842 2095 nulla
877 2054 930 2095 suo
962 2035 1058 2095 Marte
1094 2035 1253 2094 videantur

241 2126 416 2200 mutavisse3
435 2125 578 2201 seriptum
595 2125 674 2183 enim
693 2127 739 2184 est
752 2119 883 2185 ‘fratres'
896 2125 962 2184 loeo
980 2124 1111 2201 genetivi
1125 2124 1211 2199 1114,
1222 2126 1253 2198 9,

243 2214 381 2273 similiter
404 2207 548 2273 ‘veteres'
576 2232 629 2288 pro
657 2208 798 2272 ‘veteris'
821 2205 1020 2295 1114‚47¹);
1051 2214 1125 2272 item
1147 2207 1251 2272 ‘ditis'

242 2303 443 2361 nominativus
465 2301 494 2358 V
513 2303 542 2376 3,
561 2302 602 2359 42
626 2300 757 2360 librariis
784 2301 915 2361 debetur.
959 2301 1062 2377 itaque
1084 2302 1156 2362 lieet
1177 2301 1253 2361 oerti

246 2390 405 2466 quiequam
434 2407 494 2448 non
522 2390 669 2465 possimus
696 2391 849 2449 enucleare
874 2421 913 2431 -
938 2408 1008 2449 nam
1034 2390 1067 2448 in
1095 2394 1253 2466 utramque

245 2481 362 2555 partem
384 2479 486 2552 aperte
506 2476 623 2564 librarii
645 2482 850 2555 peceaverunt,
868 2481 1018 2539 mutantes
1041 2482 1072 2538 et
1093 2480 1132 2540 ·is
1153 2479 1186 2538 in
1208 2497 1253 2538 -es
1378 2542 1388 2553 ,

244 2570 276 2625 et
297 2585 344 2627 -es
364 2566 395 2624 in
423 2567 527 2624 -is-
551 2585 569 2625 a
591 2565 775 2627 Matritensis
802 2567 929 2629 lectione
956 2569 988 2626 in
1015 2568 1253 2628 aecusativorum

245 2657 343 2714 forma
364 2655 558 2714 resedendum
580 2655 654 2713 mihi
676 2675 736 2715 non
759 2675 821 2716 esse
840 2656 1002 2716 arbitratus
1021 2676 1094 2716 sum
1127 2656 1253 2732 denique

245 2744 325 2821 quod
351 2744 503 2804 nominum
529 2744 717 2822 propriorum
743 2745 883 2822 indicem,
911 2766 998 2822 quem
1026 2746 1129 2806 abesse
1155 2745 1255 2804 noluit

244 2833 410 2910 bibliopola
427 2833 659 2910 honestissimus,
683 2834 794 2911 addidi,
816 2835 898 2893 haud
914 2835 1067 2913 ingratum
1084 2833 1148 2892 fore
1167 2851 1253 2910 spero

247 2922 423 3001 legentibus
456 2923 584 2982 maximo
601 2939 672 2982 vero
693 2923 736 2981 sd
756 2943 824 2982 eum
846 2923 1058 2983 conficiendum
1081 2922 1150 2982 usui
1170 2924 1254 2982 fuere

246 3011 358 3070 indioes
377 3011 516 3071 editionis
528 3010 786 3071 Kohlmannianae
801 3014 831 3071 st
845 3031 932 3088 quem
947 3011 1097 3070 Saitienus
1116 3011 1155 3070 ad
1169 3010 1253 3069 Voll-

246 3099 321 3158 meri
345 3098 506 3158 editionem
528 3118 643 3160 summa
666 3119 732 3159 eum
756 3101 912 3179 diligentia
934 3100 1108 3176 composuit.

312 3189 375 3247 iam
402 3187 492 3246 finem
518 3186 681 3249 faceremus
703 3189 880 3265 praefando,
903 3189 960 3247 nisi
987 3188 1024 3248 de
1050 3189 1155 3264 paneis
1180 3188 1254 3247 loeis

248 3277 410 3352 separatim
436 3276 485 3335 hio
513 3277 668 3354 quaedem,
689 3279 817 3337 maxime
844 3277 1083 3356 orthographica,
1111 3296 1254 3354 exponere

248 3365 364 3424 animus
386 3363 509 3424 iuberet.

320 3588 345 3657 1)
364 3587 431 3642 nam
451 3588 642 3657 ‘veteresque’
659 3589 826 3658 eoniungere
845 3606 908 3643 eum
925 3564 1097 3644 nominativo
1115 3589 1253 3658 ‘penates'

249 3661 375 3750 vetamur
394 3677 465 3786 t{gum
493 3657 556 3713 aliis
584 3659 666 3714 rebus
693 3663 755 3715 tum
773 3660 883 3730 ingrato
903 3676 984 3715 sonu:
1012 3663 1118 3715 montes
1140 3662 1256 3716 veteren-

249 3746 305 3798 110
320 3745 394 3800 pena
436 3775 441 3786 .
