2925 4192
231 330 296 393 104
580 327 610 383 P.
629 326 754 382 PAPINI
772 327 891 383 sunan

231 474 286 540 sad
308 474 400 560 viget
422 472 590 559 ingenium
613 476 646 537 et
668 494 804 559 magnos
827 472 988 537 accinctus
1010 473 1045 537 in
1067 494 1144 537 usus
1224 476 1227 485 “

230 565 295 630 fert
317 562 445 627 animus
468 583 686 646 quascumque
707 562 808 628 vices:
842 584 904 627 nos
928 562 994 627 otia
1017 562 1101 626 vitae

230 653 373 719 solamur
395 653 492 716 cantu
515 655 712 735 ventosaque
734 650 852 738 gaudia
874 651 978 715 famae
1208 668 1243 717 50

232 740 423 827 quaerimus.
465 762 505 804 en
523 744 653 826 egomet
670 762 819 805 somnum
837 744 870 803 et
888 740 1014 826 geniale
1032 744 1160 805 secutus

231 831 324 913 litus,
347 828 404 894 ubi
426 828 573 894 Ausonio
596 852 630 893 se
653 829 796 893 condidit
818 828 947 913 hospita
969 832 1067 912 portu

230 919 451 1002 Parthenope,
473 922 587 983 tenues
609 918 727 1003 ignavo
750 918 867 1002 pollice
890 917 1025 983 chordas

231 1008 326 1093 pulso
349 1006 558 1108 Maroneique
581 1006 725 1071 sedens
716 1029 752 1071 m
773 1006 918 1093 margine
941 1006 1056 1090 templi

231 1119 322 1162 sumo
341 1096 484 1160 animum
503 1099 537 1160 et
553 1118 665 1181 msgm
655 1095 817 1160 tumulis
835 1095 970 1161 adcanto
988 1095 1149 1197 magistri:
1209 1112 1244 1203 66

230 1191 264 1251 at
286 1190 338 1272 tu,
361 1184 389 1249 si
410 1184 502 1272 longi
525 1207 653 1250 cursum
677 1183 769 1249 dabit
754 1183 935 1286 tAtropos
958 1184 1037 1286 aeui,

231 1312 274 1325 --
293 1238 420 1359 detque,
437 1295 559 1360 precor,
576 1273 726 1358 Latiique
746 1273 879 1338 ducis
853 1295 900 1338 sm
917 1271 1051 1338 numina
1068 1277 1217 1360 pergant,

231 1386 326 1449 quem
345 1362 408 1427 tibi
426 1362 668 1447 posthabitost
653 1362 780 1427 tudium
798 1366 847 1427 est
866 1362 1003 1427 colunnae
1021 1362 1177 1447 Tonante,

231 1452 351 1537 quique
373 1456 448 1516 tuos
470 1451 534 1516 alio
558 1451 703 1517 subtexit
725 1473 857 1515 munere
881 1452 983 1516 fasces

231 1546 264 1606 et
288 1540 394 1626 spatia
417 1540 568 1624 obliquae
591 1540 727 1604 mandat
745 1560 897 1605 renovare
919 1540 1066 1605 Latinae!
1090 1578 1134 1587 ·-
1208 1549 1243 1603 6ο

230 1630 369 1696 forsitan
390 1628 552 1693 Ausonias
574 1628 639 1694 ibis
661 1629 787 1693 henare
811 1629 960 1694 cohortes

231 1722 288 1783 aut
310 1717 417 1783 Rheni
439 1717 581 1802 populos
603 1721 660 1782 aut
681 1718 794 1804 nigrae
817 1718 914 1784 litora
936 1717 1057 1801 Thyles

231 1811 288 1874 aut
310 1806 460 1871 Histrum
482 1828 608 1872 serrare
632 1807 726 1871 datur
749 1806 983 1892 metuendaque
1007 1810 1120 1891 portae
1158 1810 1159 1823 ἢ
1289 1874 1294 1887 ‚

231 1896 344 1961 limina
367 1894 548 1980 Caspiacae.
591 1917 652 1960 nec
674 1896 761 1959 enim
783 1895 847 1960 tibi
870 1897 939 1961 sola
961 1896 1106 1979 potentis

232 1984 354 2069 eloquii
376 1984 494 2049 virtus:
529 1988 606 2049 sunt
628 1985 774 2050 membra
797 1984 1000 2050 accommoda
1023 1984 1119 2048 bellis
1164 1988 1166 1995 ’
1211 1998 1245 2048 66

233 2075 353 2159 quique
376 2096 507 2160 gravem
529 2074 621 2138 tarde
644 2074 782 2139 subeant
805 2073 938 2139 thoraca
959 2073 1085 2138 lacerti·
1183 2100 1186 2113 ¹

232 2185 289 2228 seu
312 2185 426 2246 campo
449 2162 616 2246 pedesne
640 2184 748 2246 pares,
772 2165 821 2227 est
844 2163 974 2263 agmina
996 2184 1095 2246 supra

232 2255 406 2316 nutaturus
428 2273 524 2335 apex,
547 2272 605 2315 seu
626 2251 717 2315 frena
741 2254 856 2315 sonant
856 2251 888 2315 ia
841 2252 985 2316 tflect
970 2254 1033 2334 t,es

234 2339 352 2405 serviet
374 2361 469 2440 asper
491 2334 602 2422 equus
646 2362 706 2404 nos
729 2340 815 2404 facta
838 2339 942 2404 aliena
964 2302 1107 2405 canbndc

236 2428 399 2515 vergimur
417 2427 608 2515 insanium:
641 2428 784 2512 propriis
801 2431 839 2492 tu
857 2428 1019 2511 pulcher
1010 2451 1044 2493 m
1063 2428 1161 2493 armis
1213 2446 1248 2494 ιο

235 2519 305 2602 ipse
329 2516 470 2581 canenda
492 2537 585 2602 geres
607 2538 772 2601 parvoque
796 2517 945 2602 exempla
967 2517 1100 2601 parabis

234 2628 352 2693 magna
368 2603 483 2689 Getae,
501 2605 617 2691 dignos
636 2627 732 2689 quem
750 2605 815 2670 iam
833 2627 918 2670 nunc
936 2606 1074 2693 belliger
1092 2610 1183 2671 actus

235 2694 341 2780 poscit
363 2715 440 2759 avos
462 2696 670 2778 praestatque
694 2693 782 2759 domi
804 2694 931 2760 novisse
955 2694 1147 2779 triumphos.

235 2806 340 2871 surge,
350 2783 496 2870 agedum,
510 2782 732 2867 iuvenemque,
745 2805 836 2870 puer,
850 2784 1011 2869 deprende
1024 2788 1201 2868 parentem,
1287 2798 1289 2803 '

235 2877 405 2938 stemmate
420 2876 573 2938 'materno
595 2872 688 2959 felix,
711 2872 832 2938 virtute
855 2875 998 2957 paterna.
1214 2888 1248 2937 ue

235 2962 301 3026 iam
323 2966 356 3026 te
379 2961 498 3026 blanda
520 2961 593 3026 sinu
616 2961 715 3044 Tyrio
739 2961 804 3027 sibi
826 2962 914 3028 curia
936 2961 1015 3027 felix

235 3051 349 3115 educat
372 3055 405 3114 et
428 3054 558 3115 cunctas
580 3050 700 3136 gaudet
722 3051 880 3133 spondere
903 3050 1050 3115 curules?
1073 3088 1118 3097 -

302 3139 382 3203 haec
400 3159 461 3224 ego
481 3137 672 3203 Chalcidicis
690 3139 731 3203 ad
749 3143 795 3224 te,
813 3139 975 3223 Marcelle,
995 3139 1149 3204 sonabam

242 3429 244 3433 ,
311 3406 345 3454 60
363 3400 508 3470 obliquae:
527 3400 661 3470 antiquae
680 3422 694 3457 6
776 3409 809 3457 63
829 3403 913 3458 datur
929 3405 1072 3473 Imbutae:
1092 3404 1188 3459 datus:
1207 3402 1250 3457 la-

236 3476 316 3527 tnsc
371 3477 405 3526 64
423 3472 567 3542 pontentis
627 3480 661 3528 66
674 3474 791 3530 menbra
852 3480 885 3528 66
903 3474 997 3530 tarde.
1015 3474 1114 3529 faciles
1134 3473 1196 3529 Otto

239 3548 273 3597 68
286 3545 483 3603 nutatnrnsc:
509 3543 658 3602 Nittaurus
731 3545 791 3598 71
783 3562 893 3615 1pse5:
920 3547 986 3616 Ipsa
1056 3562 1249 3616 parvoquec·

237 3629 382 3685 parvaque
437 3619 470 3667 '13
489 3631 557 3669 avos
570 3616 747 3685 prestatquc:
766 3632 835 3670 avus
850 3618 874 3686 (a
861 3620 884 3686 a)
899 3620 1062 3687 perstatque
1076 3618 1251 3687 Peyrarcccs

310 3688 343 3738 76
361 3685 440 3740 curia
457 3687 656 3743 Marklandus.
684 3685 777 3755 gloria
850 3693 883 3743 ‘18
902 3687 1064 3743 calchidicis
