2925 4192
260 370 310 426 m
661 365 867 422 PRAEFATIO

260 520 463 583 contulerunt.
508 516 559 578 sed
581 536 685 577 vereor
706 536 744 576 ne
766 516 892 577 nimium
917 516 1071 578 oculorum
1093 519 1156 578 acie
1178 518 1273 577 fretus

264 630 300 669 ex
322 608 433 669 tabulis
456 625 488 666 se
511 605 645 666 elicuisse
668 605 829 682 putaverit.
859 608 960 666 tamen
977 605 1017 665 ad
1033 607 1169 667 criticam
1186 607 1273 668 faoti-

268 697 392 758 taudam
409 714 516 772 parum
532 694 658 755 interest
669 697 774 755 utrum
791 694 934 754 disertum
951 693 987 752 de
1005 695 1105 757 codice
1117 695 1274 774 Poggium

264 783 470 846 testimonium
491 783 681 860 adscripserit
702 783 871 843 Politianus
893 802 992 843 necne.
1030 803 1102 844 nam
1123 785 1216 844 etiam
1237 805 1274 844 ex

264 877 307 936 eis
330 873 505 934 lectionibus
524 892 601 949 quae
624 871 720 931 indice
743 890 803 932 non
825 873 948 932 ornatae
971 875 1050 949 sunt,
1066 870 1212 951 plmimas
1234 874 1274 933 ad

263 963 453 1042 Poggianum
474 961 570 1021 redire
593 960 753 1020 admodum
769 960 844 1020 mihi
860 959 1014 1037 probabile
1033 965 1086 1022 est.
1109 962 1274 1022 cavendum

263 1055 370 1112 vautern
392 1054 447 1128 est,
469 1070 506 1110 ns
528 1069 582 1128 pro
605 1049 692 1110 certis
715 1069 752 1109 ea
773 1049 960 1109 venditemus
983 1069 1060 1127 quae
1082 1050 1216 1111 Vollmer
1237 1071 1274 1110 ex

265 1140 378 1201 tabulis
410 1138 579 1214 adnotavit,
611 1137 720 1199 omissa
751 1138 790 1197 ab
817 1138 872 1213 eis,
896 1139 948 1215 qni
973 1139 1071 1217 ipsum
1097 1138 1207 1198 librum
1228 1139 1274 1198 in·

264 1231 433 1307 spexerunt.
456 1227 569 1288 accedit
583 1227 662 1303 quod
679 1226 731 1286 ille
745 1226 921 1303 ubicumque
938 1227 1060 1292 lectioni
1078 1227 1194 1287 cuidam
1212 1229 1274 1288 tale

263 1320 328 1378 fere
351 1317 470 1395 signum
492 1315 626 1376 additum
649 1317 695 1375 est
719 1325 770 1392 ι.-,
791 1315 963 1375 testimonia
981 1337 1017 1376 ex
1034 1316 1188 1395 Poggiano
1206 1335 1274 1393 pro·

267 1406 343 1467 ferri
365 1405 423 1465 sibi
444 1405 607 1482 persuasit,
629 1405 661 1464 id
684 1403 764 1482 quod
785 1422 845 1463 non
867 1407 981 1465 certum
1002 1408 1055 1465 est.

335 1494 463 1556 contulit
493 1497 595 1553 autern
623 1492 792 1552 Politianus
823 1511 909 1552 suum
932 1493 1083 1571 exemplar
1104 1513 1171 1556 cum
1197 1492 1274 1553 libro

266 1583 423 1662 Poggiano
442 1582 495 1658 ita,
513 1585 548 1641 ut
564 1601 789 1658 nonnumquam
805 1579 984 1642 lectionibus
1001 1582 1123 1643 adderet
1141 1577 1187 1643 ‘co
1204 1601 1276 1661 pog,
1386 1620 1389 1627 ι

265 1707 317 1766 11⁰
334 1674 503 1784 pog,anti21
525 1705 622 1780 cedi
645 1674 727 1783 antip,
750 1699 814 1766 dto'
836 1707 885 1765 vel
908 1706 982 1782 sim,
1004 1706 1111 1782 quibus
1132 1706 1213 1767 notis
1230 1706 1275 1765 di·

267 1797 345 1856 serte
367 1796 496 1855 testatur
518 1794 675 1854 lectionem
696 1795 846 1872 pertinere
869 1793 909 1854 ad
930 1794 1040 1853 librum
1061 1794 1148 1855 illurn
1168 1795 1275 1874 Poggi.

267 1887 372 1945 contm
393 1882 446 1942 ubi
474 1903 511 1943 er
531 1882 707 1943 Domitiana
736 1883 865 1943 editione
888 1874 937 1964 (c)
968 1883 1084 1960 aliquid
1112 1884 1277 1961 exscripsit,

185 1973 188 1980 '
267 1974 316 2034 hie
337 1973 401 2033 illic
421 1989 493 2033 usus
516 1975 562 2032 est
582 1973 655 2031 nota
672 1967 752 2032 ρ])ο’.
785 1990 881 2049 pauca
902 1974 975 2032 nota
998 1966 1050 2031 ‘00'
1068 1972 1117 2032 vei
1139 1967 1193 2033 ‘c0'
1210 1972 1274 2032 h.e.

268 2064 378 2136 mise
399 2061 448 2121 vel
470 2062 581 2135 corripe
604 2061 754 2138 adscripta
776 2060 964 2139 significavit
1008 2060 1065 2121 hoc
1092 2061 1179 2122 modo
1208 2081 1277 2120 eum

268 2168 337 2211 suas
350 2151 445 2227 ipsius
458 2150 641 2209 coniecturas
654 2149 831 2209 indicavisse
844 2149 978 2226 vulgaris
996 2149 1097 2226 opinio
1115 2152 1169 2211 est
1200 2170 1277 2227 quae

267 2241 369 2299 tamen
391 2241 471 2297 stare
493 2257 554 2298 non
574 2239 682 2313 potest.
713 2237 802 2297 modo
825 2238 904 2297 enim
926 2237 1067 2298 lectiones
1088 2257 1156 2298 cum
1174 2239 1276 2300 Domi-

268 2329 353 2386 tisna
382 2325 510 2406 editione
538 2329 731 2402 congruentes
759 2325 801 2386 sic
827 2325 1007 2404 significavit
1035 2328 1118 2387 velut
1145 2327 1174 2384 V
1187 2329 1218 2403 3,
1233 2330 1275 2388 98

270 2410 312 2476 ‘c‘
332 2407 476 2474 tenuare'.
498 2413 530 2472 H
545 2417 575 2489 2,
589 2414 630 2473 82
655 2408 695 2474 ‘0⁸
712 2415 805 2473 limen
821 2409 857 2474 vi
878 2409 1005 2493 λειμῶν’.
1028 2415 1117 2492 IV3,
1133 2419 1171 2475 11
1189 2419 1220 2476 et
1235 2419 1276 2476 13

270 2499 312 2564 ‘c‘
334 2497 411 2580 qui',
438 2503 528 2562 modo
557 2503 698 2562 lectiones
727 2503 785 2562 hac
813 2505 886 2562 nota
907 2503 1077 2581 insignivit,
1105 2525 1182 2582 quae
1205 2506 1279 2582 quin

270 2591 376 2652 itidem
388 2591 421 2650 in
433 2582 510 2651 libro
524 2592 679 2671 Poggiano
693 2592 814 2668 fuerint,
827 2611 888 2652 non
901 2595 947 2652 est
964 2592 1095 2667 dubium,
1113 2595 1150 2653 cf.
1163 2593 1179 2653 I
1195 2597 1224 2670 1,
1235 2595 1276 2654 53

272 2676 313 2742 ‘c0
336 2675 410 2754 ede'.
441 2681 533 2756 ms,
547 2682 588 2743 87
613 2676 654 2739 ‘0⁰
676 2675 779 2758 legee'.
810 2680 839 2738 V
855 2683 883 2756 1,
899 2682 960 2741 189
985 2676 1026 2741 ‘c0
1047 2676 1115 2744 Da’.
1147 2682 1220 2758 V4,
1237 2685 1277 2742 19

272 2766 313 2831 ‘c⁰
335 2762 492 2852 (levi)ter’.
521 2769 553 2829 H
568 2773 598 2845 2,
612 2771 653 2829 36
678 2770 717 2829 ad
739 2769 897 2830 lectionem
919 2770 1059 2829 editionis
1086 2784 1107 2832 a
1133 2790 1209 2848 quae
1232 2774 1279 2831 est

272 2879 399 2961 ‘annos',
418 2884 589 2961 adscripsit:
613 2878 654 2944 ‘0⁸
672 2903 773 2944 amnes
794 2850 870 2993 33³3,
892 2886 918 2944 si
935 2885 1080 2946 Vollmen'
1097 2887 1190 2946 oculis
1207 2886 1280 2946 fides

273 3002 332 3076 est,
358 3018 454 3076 neque
477 2999 556 3058 enim
579 2995 649 3060 ‘Do’
672 3021 767 3077 neque
790 2995 873 3080 ‘pog'
897 3002 1075 3079 agnoscunt,
1098 3002 1151 3078 qui
1180 3002 1279 3078 ipsum

274 3088 424 3164 exemplar
441 3085 648 3148 Gorsiniannm
669 3090 816 3149 viderunt.
859 3090 935 3149 illud
957 3092 1058 3149 tamen
1081 3090 1208 3151 concede
1227 3091 1279 3151 ad-

274 3176 392 3253 scriptis
418 3175 516 3235 verbis
540 3171 610 3255 ‘ego
638 3173 684 3238 c⁰’
710 3209 755 3219 —
784 3196 854 3237 uam
880 3178 993 3239 nudum
1015 3172 1077 3238 ‘o0'
1103 3178 1155 3238 vix
1180 3182 1281 3255 potest

273 3265 402 3324 discerni
424 3258 761 3326 s‘c⁰'—Politianum
783 3284 853 3327 suas
876 3266 1060 3328 coniecturas
1082 3271 1210 3343 notasse,
1228 3268 1280 3328 sed

274 3355 325 3413 vix
353 3352 399 3412 bis
428 3355 511 3414 terve
539 3354 596 3413 hec
622 3355 833 3431 perspicuitate
860 3374 930 3416 usus
953 3358 1005 3415 est
1050 3356 1186 3433 plurimis
1208 3375 1279 3416 vero

275 3441 354 3502 notis
368 3441 443 3500 nihil
458 3443 577 3502 omnino
592 3442 727 3519 adpinxit
740 3444 971 3522 saepissimeque
985 3445 1125 3505 lectiones
1140 3445 1280 3507 editionis

276 3532 405 3591 correxit
431 3551 468 3590 ne
490 3531 580 3591 verbo
608 3531 727 3608 quidem
750 3533 866 3608 addito,
887 3533 966 3592 unde
992 3533 1029 3592 de
1056 3534 1169 3612 origine
1200 3535 1281 3611 quic-

278 3637 368 3695 quam
391 3623 556 3697 appareret.
588 3621 719 3681 exoritur
740 3621 836 3700 igitur
853 3622 998 3698 quaestio,
1015 3622 1094 3682 unde
1112 3623 1167 3682 iila
1184 3623 1281 3700 petita

277 3707 346 3786 sint,
364 3727 440 3787 quae
462 3711 535 3770 nota
557 3713 684 3770 careant.
722 3709 802 3786 quod
824 3710 851 3770 si
873 3713 954 3770 certa
976 3710 1092 3771 ratione
1115 3711 1181 3787 quis
1204 3711 1281 3771 <iiis⁴
1382 3752 1383 3755 κ
