2925 4192
257 346 321 418 148
601 341 910 401 neanursrarn

260 489 373 556 obruis
394 489 426 552 a!
450 486 556 553 durus.
601 486 670 551 riso
694 486 723 550 si
745 487 875 553 vulnere
898 508 989 551 carae
1093 544 1095 549 .

257 577 404 665 coniugis
426 575 551 642 invenit
573 579 700 641 caneret
725 575 813 661 quod
834 575 989 641 Thracius
1011 574 1161 661 Orpheus
1375 586 1377 669 5

257 668 351 732 dulce
373 664 450 750 sibi,
473 665 502 731 si
523 665 621 729 busta
642 663 716 729 Lini
738 664 926 750 complexus
945 663 1068 749 Apollo
1233 681 1268 731 66
1375 672 1377 675 ’

257 779 325 821 non
347 754 463 820 tacuit:
485 752 604 819 nimius
626 751 764 821 fortasse
787 752 962 837 avidusque
985 752 1104 819 doloris

256 845 348 910 dicor
371 847 404 909 et
425 842 461 907 in
482 842 623 907 lacrimis
644 840 767 907 iustum
788 842 961 907 excessisse
983 841 1148 926 pudorem.

256 933 408 1017 quisnam
425 935 534 997 autem
552 930 693 1018 gemitus
708 931 914 1015 lamentaque
931 934 1042 996 nostra
1060 930 1232 1015 rependis?

255 1044 279 1087 o
301 1020 438 1087 nimium
458 1019 552 1104 felix,
573 1019 711 1085 nimium
732 1019 871 1085 crudelis
893 1023 927 1083 et
948 1040 1065 1104 expers

256 1107 580 1264 tttt’ttttt
595 1107 1005 1262 ttzttlttltt
1233 1124 1269 1173 ⁶⁰

257 1287 376 1359 incitat
397 1285 474 1351 heul
498 1284 659 1370 planctus3
680 1285 792 1369 potius
812 1284 982 1372 fugientia
994 1284 1082 1369 ripas

257 1376 393 1442 flumina
415 1374 560 1439 detineas
581 1373 704 1457 rapidis
725 1376 783 1437 aut
805 1374 938 1460 ignibus
960 1373 1085 1459 obstes,

258 1487 357 1551 quam
378 1464 513 1528 miseros
533 1462 644 1547 lugere
666 1465 765 1527 vetes.
810 1465 919 1527 tamen
941 1461 996 1526 ille
1019 1474 1163 1545 severus‚³
1377 1508 1378 1515 1

260 1552 411 1639 quisquis
432 1552 462 1616 is
484 1553 546 1636 est,
568 1553 698 1615 nostrae
721 1554 894 1651 cognoscat
917 1550 1050 1615 vulnera
1072 1572 1193 1616 causae.
1235 1567 1270 1617 66
1344 1548 1377 1635 [¹3

326 1662 393 1705 non
416 1660 476 1726 ego
500 1642 659 1704 mercatus
676 1637 795 1704 Pharia
818 1639 857 1703 de
875 1660 987 1723 puppe
1009 1639 1160 1723 loquaces
1325 1634 1344 1653 ²

263 1728 428 1883 fflillas
451 1727 643 1880 pioptumque
661 1727 717 1827 sui
739 1728 881 1881 coplypcia
902 1726 972 1794 Nili
1020 1820 1034 1881 t

262 1906 375 1973 dilexi:
388 1840 488 1970 1dieue
504 1838 579 1988 gdid,
590 1838 727 1970 ffubln
745 1837 1159 1971 tsellurbsbbdeirldnlrvum'

261 1995 376 2081 aspexi
399 1999 495 2078 atque
517 1998 651 2059 unctum
673 1994 809 2080 genitali
831 1995 970 2059 carmine
992 1993 1060 2059 fovi
1238 2010 1272 2059 70

263 2086 514 2172 poscentemque
536 2104 636 2148 novas
657 2082 805 2148 tremulis
827 2082 1006 2149 ululatibus
1028 2105 1123 2147 auras

262 2172 385 2242 inserui
406 2171 501 2236 ritae.
546 2170 625 2255 quid
646 2170 721 2255 plus
743 2172 885 2236 tribuere
908 2172 1081 2256 parentes?

265 2264 345 2348 quin
367 2260 449 2326 alios
472 2262 563 2324 ortus
583 2258 833 2344 libertatemque
856 2259 917 2324 sub
941 2258 1022 2344 ipsis

263 2351 422 2417 uberibus
444 2348 521 2432 tibi,
543 2369 654 2432 parve,
677 2347 763 2432 dedi;
784 2348 861 2431 heu,
883 2369 1017 2412 munera
1038 2352 1150 2413 nostra

264 2439 387 2505 rideres
407 2438 555 2523 ingratus
578 2434 690 2501 adhuc.
735 2436 956 2521 properaverit
979 2436 1047 2521 ille,
1240 2451 1274 2501 76

265 2528 322 2594 sed
344 2525 460 2592 merito
483 2523 695 2609 properabat,
717 2547 819 2610 amor,
841 2546 881 2590 ne
904 2524 1053 2609 perderet
1074 2525 1219 2609 <ullum>

266 2616 400 2683 libertas
422 2618 490 2679 tam
513 2635 613 2698 parva
635 2611 728 2679 diem.
773 2635 879 2679 nonne
901 2613 1051 2679 horridus
1073 2614 1188 2698 (inde)

266 2704 389 2771 invidia
411 2725 546 2788 superos
567 2701 750 2786 iniustaque
772 2702 906 2769 Tartara
928 2702 1077 2787 pulsem?

267 2814 374 2859 nonne
392 2814 518 2878 gemam
536 2794 583 2877 te,
601 2812 672 2855 care
690 2791 794 2875 puer?
813 2813 876 2876 quo
895 2791 1018 2876 sospite
1039 2795 1145 2857 natos

267 2903 335 2947 non
357 2879 459 2965 cupii,
481 2879 586 2963 primo
610 2878 768 2967 gemitum
791 2881 847 2965 qui
869 2880 1020 2964 protinus
1042 2883 1115 2945 ortu
1241 2897 1276 2946 80

341 3059 375 3107 63
393 3054 479 3109 durus
496 3054 665 3111 Potitium:
685 3053 755 3108 duro
827 3059 861 3108 58
879 3053 1021 3125 rependis:
1039 3053 1184 3125 reprendis
1201 3055 1275 3110 Peli·

269 3128 365 3181 tama
438 3130 471 3179 69
490 3124 513 3179 0
531 3142 638 3180 nmium
704 3141 802 3195 expers
819 3124 873 3181 1¹:
892 3128 984 3197 etpers
1059 3130 1093 3181 63
1111 3125 1228 3180 flumina
1246 3141 1275 3185 5:

269 3195 401 3250 Fulmina
462 3194 589 3250 detineas
601 3196 748 3252 Heinebcs:
769 3194 918 3251 deruneus:
937 3195 1098 3252 devincasc
1159 3202 1192 3251 66
1211 3213 1276 3251 cau-

272 3283 333 3322 sae:
352 3281 435 3321 curae
453 3265 638 3323 Markloodac
699 3272 733 3321 67
751 3265 892 3335 nequitias
910 3268 1108 3325 Matianum:
1126 3263 1276 3321 Aedituas:

271 3336 388 3393 delicias
407 3337 545 3393 Arcadius
606 3342 640 3391 68
653 3336 772 3392 nimium
790 3338 988 3397 Murblmtdue:
1008 3356 1129 3395 sumum:
1145 3337 1278 3393 eximium

277 3410 390 3477 Wallcr,
403 3409 455 3463 clii
468 3407 527 3462 alia
608 3413 641 3462 70
655 3408 771 3479 Aspexi:
791 3408 887 3479 excepi
899 3408 1038 3466 Acontius
1110 3416 1143 3465 74
1156 3408 1211 3464 tibi
1224 3408 1277 3464 1¹:

273 3478 324 3535 ubi
384 3477 443 3533 76·
516 3480 606 3539 tuas:
624 3478 780 3549 ingatus2'
822 3481 1035 3537 maleactae
1088 3485 1121 3534 76
1140 3479 1228 3534 ullum
1247 3495 1277 3539 ςε
1371 3511 1374 3519 =

273 3567 339 3607 ema
367 3567 453 3605 unum
499 3551 610 3607 mara
698 3556 732 3605 77
751 3550 781 3605 in
801 3566 818 3604 e
836 3552 987 3608 Bodrrcae:
1005 3568 1068 3609 ern:
1096 3550 1207 3622 ipsese

273 3626 309 3675 80
326 3637 383 3675 non
410 3619 485 3693 cupii
503 3639 529 3678 e:
557 3621 691 3692 concupii
786 3620 912 3693 genitum
939 3638 1022 3691 quem
1047 3640 1074 3692 p.
1090 3637 1115 3677 ο.
1131 3620 1279 3692 {implicui

273 3690 376 3766 fixique
394 3692 552 3749 Politiomes
