2925 4192
259 321 338 379 XXX
662 323 866 380 PRAEFATIO

260 471 361 538 Mvel
389 497 424 538 eo
451 483 577 555 apparet
603 477 682 554 quod
708 475 886 553 ubicumque
908 469 950 538 B²
970 477 1093 538 lacunas
1119 478 1274 556 patefecit,

260 568 292 625 in
316 559 348 627 11
379 567 482 644 aliqua
510 569 587 628 latet
615 566 785 626 difficultas.
829 585 884 641 pro
914 569 994 626 certo
1023 585 1094 626 vero
1124 567 1273 628 evincitur

259 675 348 718 versu
369 656 401 714 H
421 661 449 736 1,
469 659 508 717 59
532 656 584 715 ubi
602 655 728 716 lectione
747 655 817 714 libri
834 649 865 716 Μ
883 650 999 731 (ω’,
1021 656 1099 715 male
1116 655 1271 716 intellecta

260 736 422 805 B1‘mua’
451 747 582 822 scripsit,
609 738 680 807 Ββίω
703 739 772 804 ‘ira'
799 744 941 805 restituit.
989 747 1059 821 post
1086 745 1216 804 codicem
1241 739 1268 805 F
1381 774 1382 777 ¹

258 833 370 892 librum
387 828 413 895 B
436 854 472 893 ex
493 835 662 894 Matritensi
683 834 899 910 transcriptum
917 851 980 892 esse
999 853 1033 892 eo
1052 833 1269 909 comprobatur,
1381 830 1382 863 ³

260 922 340 999 quod
362 916 388 983 B
410 943 470 984 non
494 924 590 982 solum
613 924 807 983 correctorem
824 913 869 982 Μ’
889 923 1029 999 respexit,
1051 923 1103 981 aed
1123 923 1269 998 posterio-
1381 922 1382 981 i

257 1031 325 1070 rum
352 1030 469 1089 quoque
497 1012 536 1072 ad
561 1032 653 1072 unam
679 1012 741 1071 fere
771 1030 872 1071 omnes
901 1011 964 1072 sive
994 1014 1176 1071 correcturas
1206 1013 1268 1072 sive

258 1103 346 1161 notas
364 1102 493 1180 margini
508 1102 556 1162 vel
570 1101 756 1160 interlineas
770 1101 904 1177 adpictas
918 1102 950 1158 iu
964 1103 1134 1160 contextum
1146 1101 1267 1178 recepit

324 1191 385 1250 iam
407 1190 646 1269 Rehdigeranum
667 1181 724 1271 (R)
747 1209 808 1249 non
825 1210 862 1249 ex
879 1190 944 1265 ipso
961 1189 1131 1250 Matritensi
1148 1189 1267 1250 fluxisse

257 1279 305 1338 vel
334 1280 449 1340 omissis
476 1296 530 1338 suo
552 1279 618 1338 loeo
640 1278 701 1338 illis
724 1278 858 1339 versibus
880 1278 912 1336 H
932 1283 960 1354 1,
980 1281 1043 1339 207
1063 1311 1105 1319 —
1125 1279 1205 1354 112,
1224 1280 1265 1340 35

256 1369 332 1428 satis
355 1368 529 1445 abundeque
551 1370 645 1445 patet.
685 1386 757 1427 nam
779 1387 845 1427 eum
866 1369 1021 1446 sexaginta
1041 1370 1185 1444 quattuor
1202 1386 1267 1428 ver·

257 1475 307 1516 sus
322 1489 364 1498 —
380 1456 482 1517 addito
505 1476 610 1533 nempe
633 1456 722 1516 titulo
746 1456 845 1516 Villae
865 1455 1056 1516 Surrentinae
1071 1457 1267 1517 -librarius

256 1547 397 1620 omiserit,
427 1549 553 1623 apparet
582 1565 649 1605 eum
678 1545 752 1605 duas
781 1547 907 1624 paginas
938 1546 1113 1621 exemplaris
1143 1547 1190 1604 sui
1212 1538 1265 1628 (p)
1380 1612 1382 1616 ,

255 1635 405 1693 transisse.
450 1635 506 1695 hoc
533 1635 626 1711 igitur
652 1635 780 1694 tricenos
807 1634 892 1694 binos
919 1635 980 1693 fere
1007 1636 1040 1694 in
1068 1652 1185 1710 quoque
1212 1654 1265 1710 pa-

256 1723 328 1800 gina
358 1725 514 1783 continuit.
560 1742 741 1799 quamquam
777 1724 849 1799 quin
880 1744 934 1801 per
965 1724 1081 1800 aliquot
1109 1723 1220 1802 gradus
1247 1743 1266 1782 a

253 1809 424 1872 Matritensi
450 1813 633 1871 descenderit
658 1806 688 1873 R
718 1811 841 1871 dubium
871 1831 933 1873 esse
959 1832 1020 1872 non
1046 1813 1154 1889 petest.
1193 1831 1265 1872 nam

253 1901 326 1960 licet
342 1902 431 1961 multi
448 1902 507 1961 loci
524 1921 631 1979 parum
649 1903 828 1961 conveniant
845 1903 924 1961 inter
941 1896 970 1963 R
988 1905 1019 1960 et
1035 1895 1075 1977 11,
1092 1904 1194 1960 tamen
1211 1901 1264 1962 ubi

253 1983 333 2050 1011
356 1991 427 2051 ordo
449 1992 584 2050 mutatus
606 1994 671 2050 erat
692 1991 882 2070 neglegentia
904 1991 1032 2068 librarii,
1058 1992 1085 2049 is
1108 1991 1159 2066 qui
1184 1991 1263 2050 ecdi-

252 2098 316 2138 cem
333 2074 363 2141 a
381 2081 524 2156 exaravit,
540 2079 587 2140 bis
608 2081 752 2157 peccavit.
784 2080 938 2139 turbatum
955 2080 1109 2157 archetypi
1129 2080 1263 2140 ordinem

252 2169 387 2229 indicant
408 2189 436 2229 v.
454 2169 471 2227 I
486 2173 515 2245 1,
529 2171 569 2228 37
581 2187 634 2245 sq.,
657 2170 709 2245 qui
730 2170 763 2227 in
785 2163 814 2230 R
837 2170 879 2229 sic
901 2170 1054 2247 leguntur:

362 2275 476 2333 Dextra
498 2278 583 2334 vetat
603 2293 718 2353 pugnes
740 2274 854 2333 levium
876 2275 1001 2334 tritonia
1022 2275 1113 2353 vulgo

362 2361 409 2422 Va
432 2363 560 2422 stimulis
583 2364 719 2423 accendit
741 2373 820 2439 equu
842 2366 932 2423 vacat

361 2451 430 2511 Nou
452 2454 558 2531 gravat
579 2452 603 2510 ds
625 2455 703 2526 seete
721 2453 873 2529 pretendit
890 2453 969 2513 cella
986 2454 1106 2527 meduse

364 2539 424 2601 Oeu
444 2541 577 2602 stimulis
600 2541 735 2600 accendit
757 2551 836 2616 equu
858 2561 912 2600 nec
935 2543 1050 2603 dulcior
1073 2528 1131 2623 use}
1154 2545 1209 2602 etc.

249 2647 327 2707 unde
350 2649 463 2708 conicio
485 2649 517 2707 in
541 2665 562 2729 ρ
586 2649 628 2708 sic
651 2666 701 2707 eos
723 2647 815 2708 fuisse
838 2650 975 2725 scriptos:

359 2755 473 2815 Dextra
494 2749 580 2815 vetat
600 2774 714 2833 pugnes
736 2755 850 2815 larium
871 2757 996 2815 tritonia
1018 2755 1109 2835 vulgo

293 2843 341 2904 Va
360 2843 420 2904 Ceu
442 2845 571 2905 stimulis
594 2845 728 2904 accendit
751 2864 859 2920 equum
876 2848 931 2925 'eat

358 2933 429 2993 Non
451 2938 559 3011 gravat
581 2935 612 2992 et
634 2935 732 2994 sectae
754 2935 924 3010 praetendit
945 2935 1023 2994 oolla
1045 2933 1183 2994 medusae

360 3020 420 3081 Geu
443 3022 571 3082 stimulis
594 3023 728 3083 accendit
751 3042 860 3099 equum
881 3043 935 3083 nec
958 3023 1073 3083 dulcior
1093 3041 1220 3099 usquam

248 3166 272 3205 e.
296 3166 324 3222 q.
347 3165 370 3206 s.
415 3146 521 3205 deinde
543 3146 638 3223 1111,
659 3134 833 3207 172—17'4
862 3148 919 3207 hoc
948 3147 1050 3208 ordine
1080 3147 1198 3206 exhibet
1225 3141 1255 3207 R

249 3237 321 3295 174.
347 3237 523 3311 171173,
560 3236 663 3295 eodem
695 3255 754 3312 quo
786 3236 824 3296 ab
854 3237 941 3296 initio
973 3235 1111 3296 librarius
1141 3230 1172 3297 11
1204 3253 1254 3294 eos

247 3324 414 3401 scripserat,
437 3325 489 3400 qui
517 3325 620 3384 statim
647 3325 780 3384 ordinem
801 3345 905 3386 rerum
925 3325 1148 3403 redintegravit.
1183 3344 1254 3402 neg·

245 3412 359 3472 laxarat
380 3414 474 3490 igitur
495 3429 518 3494 p
545 3413 665 3473 notulas
688 3432 704 3474 c
725 3413 745 3472 b
772 3433 791 3473 a
812 3413 945 3473 versibus
968 3414 1113 3490 praefixas
1130 3413 1252 3472 falsum·

247 3521 304 3577 que
332 3501 465 3562 ordinem
491 3501 623 3563 retinuit.
667 3521 728 3561 non
755 3504 834 3563 tanti
860 3503 937 3563 facio
965 3504 1044 3580 quod
1070 3504 1102 3562 in
1129 3502 1252 3562 alterius

244 3590 313 3650 libri
341 3591 526 3669 praefatione
555 3610 630 3668 quae
653 3592 684 3650 in
706 3585 736 3652 R
758 3593 823 3668 ipse
844 3592 984 3652 librarius
1005 3593 1199 3651 interlineas
1222 3593 1253 3649 et

244 3680 276 3739 sn
303 3681 437 3759 margine
465 3663 581 3740 aesica
607 3675 705 3741 ‘eaeo
733 3680 863 3741 annua
890 3683 933 3742 sie
954 3681 1054 3759 posita
1074 3685 1091 3741 s
1113 3685 1148 3740 ut
1169 3682 1251 3740 atus
