2925 4192
615 361 820 427 PRAEFATIO
1084 374 1223 428 LXXXIII

278 521 342 597 11,
358 523 398 580 37
411 540 453 597 sq.
486 541 595 600 magno
624 541 691 581 cum
719 523 829 600 gaudio
857 524 982 601 cognovi
1009 518 1220 605 Karstenuml)

211 611 336 670 eandem
354 610 479 686 probare
499 611 721 670 enuntiatorum
735 611 937 689 partitionem,
952 631 1042 689 quam
1056 632 1110 691 ego
1124 614 1223 688 recepi

211 718 360 776 quamque
384 699 553 759 Alexander
577 699 684 759 Souter
705 701 817 760 lItterIs
840 700 947 760 adme
974 702 1054 760 datis
1077 720 1222 762 commen·

210 786 302 848 davit.
339 789 390 847 ille
413 789 429 846 Ι
449 791 478 863 1,
494 790 534 847 64
559 808 676 864 quoque
700 783 834 849 ‘montis'
857 808 876 848 a
898 789 1049 850 Vollmero
1072 791 1149 850 male
1172 790 1221 849 de-

210 877 291 935 feudi
319 877 479 937 contendit.
526 878 577 937 sed
603 877 735 956 fingendi
761 879 912 938 notionem
944 879 1131 939 retinendam
1158 898 1221 939 esse

209 966 284 1027 mihi
306 985 366 1024 non
389 966 546 1042 persuasit.

275 1055 340 1131 11,
355 1057 396 1115 82
428 1075 518 1131 quam
541 1055 645 1118 IlrIous
669 1047 795 1137 staaff2)
819 1056 1013 1116 ‘commendat
1043 1057 1220 1133 interpreta-

209 1142 321 1203 tionem
351 1161 417 1202 eam
447 1147 526 1203 stare
555 1163 615 1203 non
644 1146 804 1220 possevin
832 1145 989 1221 quisquam
1015 1145 1127 1205 infitias
1154 1145 1220 1205 ibit.

208 1232 298 1308 plane
322 1233 400 1291 enim
422 1233 512 1292 aliter
534 1235 723 1309 comparatus
755 1238 799 1293 est
826 1233 908 1293 locus
932 1232 1133 1308 dalmianus,
1161 1253 1219 1310 quo

209 1311 294 1380 suam
329 1321 597 1398 interpunctionem
632 1322 836 1382 illustraturus
868 1325 940 1382 erat.
985 1325 1065 1381 recte
1102 1322 1221 1382 videtur

208 1409 351 1469 Behotius
374 1411 472 1469 locum
497 1411 666 1486 explicasse.

275 1498 338 1573 Ι2,
359 1502 421 1557 122
455 1499 546 1558 etiam
577 1499 625 1558 hic
652 1519 750 1559 errare
778 1518 882 1559 censeo
906 1491 1103 1581 Staaffium.³)
1149 1518 1220 1558 nam

209 1606 299 1662 quarn
330 1587 381 1646 ille
412 1588 509 1648 verbis
542 1582 647 1648 ‘vincit
679 1607 749 1668 opes
781 1583 893 1648 animo’
921 1588 1038 1648 subesse
1068 1589 1220 1648 notionem

208 1677 324 1752 statuit,
344 1695 378 1736 ea
402 1695 420 1735 a
437 1676 531 1736 totius
549 1678 608 1737 loci
626 1696 714 1736 sensu
732 1677 873 1737 abhorret
891 1697 981 1755 quam
998 1677 1134 1737 maxime.
1168 1677 1219 1737 sed

206 1767 308 1823 utrum
331 1759 505 1841 ‘querimur’
529 1784 595 1824 cum
617 1765 785 1842 Peyraredo
808 1785 848 1825 an
871 1760 1026 1842 ‘queritur’
1050 1785 1117 1825 cum
1134 1765 1219 1824 Voll-

207 1872 288 1913 mero
312 1853 484 1930 scribamus,
503 1872 610 1929 parum
632 1855 730 1923 refert.
763 1855 819 1914 hoo
841 1858 876 1913 ut
898 1855 993 1914 lenius
1012 1855 1105 1912 malui
1124 1853 1218 1914 edere.

273 1940 289 2000 l
308 1944 366 2017 3,9
387 1962 462 2018 quae
480 1943 529 2002 hic
543 1935 716 2025 Staaffius4)
736 1942 846 2021 eIIcuIt,
859 1943 921 2003 fere
935 1942 1122 2002 incredibIIIa
1140 1946 1218 2001 sunt.

207 2030 250 2090 sic
273 2033 352 2090 enirn
375 2033 475 2090 censet
497 2031 683 2091 scribendum
705 2033 784 2090 hunc
806 2032 917 2090 locum:

252 2155 318 2231 ipsa
340 2175 431 2214 manu
453 2159 557 2215 tenera
579 2159 692 2215 tectum
714 2188 757 2198 -
782 2155 933 2232 scripsisse
955 2156 1094 2230 voluptas
1117 2186 1162 2195 -

252 2245 324 2304 tunc
347 2244 448 2304 Venus
471 2245 575 2304 Idaliis
598 2245 684 2304 unxit
706 2244 830 2322 fastigia
853 2245 939 2304 sucis.

151 2357 153 2361 Α
207 2369 251 2427 nil
280 2369 345 2428 dico
373 2369 408 2428 de
438 2369 563 2429 molesta
586 2369 756 2446 tautologia
780 2363 904 2429 ‘tectum
933 2363 1078 2444 fastigia',
1105 2368 1149 2426 nil
1181 2367 1217 2428 de

207 2459 380 2532 parenthesi
398 2453 562 2533 ‘scripsisse
581 2453 745 2534 voluptas':
769 2459 940 2536 genetivum
957 2458 1083 2533 pluralis
1102 2459 1218 2516 numeri

91 2537 96 2544 ⁸
208 2541 344 2605 ‘tectum'
368 2566 425 2622 quo
457 2548 521 2605 iure
554 2549 706 2622 statuerit,
730 2565 849 2622 quaero.
895 2565 934 2604 an
957 2545 1114 2604 cuiuslibet
1136 2548 1217 2606 vecla

207 2637 308 2694 censet
330 2636 406 2694 banc
429 2635 556 2694 formam
578 2634 652 2713 fingi
674 2653 774 2711 posse,
797 2654 873 2710 quae
900 2635 960 2694 nIsi
981 2636 1014 2693 in
1040 2636 1142 2710 paucis
1166 2654 1217 2693 vo-

207 2723 289 2783 cibus
313 2723 474 2782 traditione
498 2722 627 2798 quadam
649 2725 806 2798 poetarum
828 2725 943 2782 sancita
965 2742 1024 2781 non
1046 2721 1217 2781 invenitur?

209 2812 324 2871 accedit
347 2811 426 2886 quod
445 2805 579 2870 ‘tectum'
599 2831 617 2870 a
634 2811 765 2870 librariis
787 2813 820 2870 in
843 2805 964 2870 ‘tecum'
986 2812 1135 2870 mutatum
1154 2829 1216 2870 esse

87 2921 89 2924 ’
208 2919 317 2976 parum
343 2899 497 2974 probabile
526 2901 579 2958 est.
624 2898 727 2959 debuit
754 2902 849 2977 igitur
875 2901 982 2958 saltem
1008 2901 1051 2958 sic
1077 2899 1217 2959 scribere:

205 2992 273 3063 apso
294 3007 387 3048 mona
409 2993 508 3048 teano
530 3021 574 3030 —
595 2992 687 3048 lecara
710 2980 787 3070 (scil.
811 3007 878 3047 cum
900 2980 1043 3068 Vopisco)
1066 2990 1217 3062 scripsisse

206 3079 339 3152 uoluptas
362 3069 436 3159 (fuit
452 3069 575 3159 Veneri)
595 3109 637 3117 -—
657 3081 724 3136 tunc
748 3078 845 3136 Venus
868 3081 916 3136 etc.
940 3076 1049 3135 sedne
1077 3077 1132 3136 hoc
1152 3079 1216 3152 qui-

207 3167 274 3225 dem
295 3167 370 3225 mihi
391 3167 491 3242 placet
512 3168 635 3242 propter
656 3165 837 3242 particulam
860 3159 963 3224 ‘tuno’.

273 3255 288 3313 I
308 3257 336 3332 3,
357 3257 397 3315 87
421 3273 529 3316 nomen
547 3253 650 3331 oppidi
667 3255 797 3314 Anxuris
820 3255 863 3313 sic
884 3256 917 3313 ln
934 3257 1049 3312 textum
1066 3256 1164 3330 recepi
1181 3257 1216 3312 ut

206 3345 303 3420 prima
325 3364 416 3403 manu
439 3346 583 3420 scriptum
606 3347 651 3403 est
672 3345 704 3402 in
725 3338 763 3404 ll.
799 3362 870 3402 nam
892 3343 962 3402 lIcet
985 3343 1065 3418 apud
1088 3341 1215 3402 Graecos

206 3433 375 3492 nominetur
390 3427 503 3514 ’Ἁγξωρ
522 3425 623 3514 (Diod.
637 3432 709 3491 XIV
729 3434 780 3506 16,
795 3425 839 3514 5),
857 3435 957 3491 tamen
976 3434 1067 3490 etiam
1088 3432 1217 3490 formam

279 3586 305 3654 1)
323 3601 424 3639 runem.
442 3584 495 3640 vol.
510 3583 613 3638 XXVII
630 3585 721 3654 (1899)
739 3601 767 3652 p.
782 3588 842 3637 344.

278 3658 305 3725 2)
323 3655 405 3709 Eran.
426 3655 505 3710 Sues.
524 3655 577 3710 vol.
592 3655 630 3708 III
649 3657 739 3726 (1899)
757 3672 784 3724 p.
801 3659 859 3708 108.

278 3725 483 3796 amam.
591 3726 797 3796 omem.
