2925 4192
603 330 808 385 PRAEFATIO
1086 331 1211 386 mvn

77 523 78 550 ,
194 485 254 542 λ77.
280 482 330 540 84.
357 481 392 539 de
416 481 498 540 exitu
519 481 620 540 ultimi
641 481 781 557 carminis
799 481 938 542 dubitant
954 483 1014 543 riri
1031 483 1125 542 doctis
1143 484 1213 541 sunt

77 565 79 636 1
194 571 255 648 qui
273 570 453 648 paginarum
465 570 590 629 interitu
604 590 671 629 eum
685 571 808 647 periisse
821 572 931 647 dicant,
945 574 1015 631 sunt
1029 572 1080 648 qui
1094 590 1213 630 carmen

195 659 409 736 'imperfectum
439 677 457 717 a
486 661 576 735 poeta
605 659 742 718 relictum
770 678 833 721 esse
860 663 1007 720 censeant
1053 679 1121 719 eum
1142 678 1212 720 vero

201 749 399 824 archetypum
416 747 449 806 in
466 747 524 807 fine
542 749 682 807 mutilum
701 749 987 824 deprehenderimus,
1005 749 1126 809 illorum
1148 767 1213 808 sen·

77 879 78 884 .
194 837 301 896 'tentia
322 835 419 914 magis
442 836 606 913 probabilis
628 837 747 898 ridetur
769 856 840 897 esse.
886 838 938 897 sed
963 857 1018 914 pro
1048 841 1128 897 certo
1158 838 1214 896 hoc

197 926 309 1002 nequit
331 922 496 984 diiudicari.
542 927 620 984 certe
643 925 711 985 finis
733 929 852 985 tantum
875 926 1000 1003 epicedii
1021 927 1145 986 haustus
1167 928 1214 985 est

203 1034 258 1074 nee
280 1014 376 1073 ullum
398 1017 496 1074 exstat
517 1015 679 1092 vestigium
703 1035 761 1091 quo
789 1016 928 1091 antiquos
955 1015 1044 1092 plura
1073 1016 1214 1090 carmina,

202 1122 295 1180 quam
324 1121 378 1162 nos
406 1103 544 1162 manibus
573 1105 719 1179 tenemus,
748 1104 868 1182 cognita
897 1103 1035 1164 habuisse
1064 1104 1213 1181 probetur.

204 1212 275 1252 nam
305 1211 363 1267 quo
393 1191 429 1251 de
458 1193 514 1252 hac
540 1211 572 1251 re
599 1192 763 1252 utebantur
789 1195 901 1269 priores
930 1191 1009 1252 Stati
1038 1193 1215 1269 interpretes

202 1280 376 1340 testimonio
399 1280 501 1341 Sidoni
523 1280 708 1358 Apollinaris
736 1274 895 1363 (1111122
921 1300 963 1357 cp.
979 1273 1028 1363 6),
1050 1281 1081 1339 id
1100 1280 1216 1339 dudum

204 1369 411 1428 emendatione
434 1371 599 1429 certissima
620 1373 767 1430 remotum
790 1373 842 1430 est

238 1469 240 1472 ’
272 1458 334 1517 iam
356 1457 392 1518 de
414 1457 634 1541 Lundstroemii
657 1460 806 1520 sententia
833 1458 989 1520 dicendum
1012 1461 1071 1533 est,
1094 1458 1146 1534 qui
1168 1476 1215 1518 co·

202 1547 280 1606 dicis
304 1541 516 1625 ‘sangallensi'
539 1547 717 1624 antiquioris
739 1548 868 1626 vestigia
894 1549 1000 1608 relicta
1023 1566 1084 1608 esse
1108 1549 1216 1622 censet,

205 1635 289 1696 cuius
311 1635 431 1713 paginis
454 1637 656 1715 quinquageni
674 1637 738 1696 bini
755 1656 858 1697 versus
877 1638 1053 1697 exstiterint.
1083 1637 1122 1695 ed
1139 1636 1217 1694 hanc

208 1724 388 1784 sententiam
410 1725 594 1801 probandam
611 1725 686 1784 mire
704 1729 858 1805 grassatus
881 1728 927 1786 est
944 1727 976 1784 in
993 1729 1099 1802 poetae
1117 1724 1216 1785 verba.

201 1813 234 1870 v
254 1815 284 1887 3,
300 1815 362 1872 289
392 1813 501 1872 lacuna
529 1814 614 1872 nulle
642 1817 700 1873 estz
729 1815 841 1892 legitur
868 1816 947 1873 enim
969 1815 1001 1873 in
1023 1809 1054 1875 hl
1077 1815 1119 1874 sic
1141 1813 1217 1872 fere:

208 1896 392 1979 ‘numagine'
416 1902 443 1962 h.
464 1923 488 1962 e.
510 1903 543 1960 in
564 1902 703 1981 imagine.
750 1921 785 1962 ac
807 1923 844 1961 ne
868 1921 919 1962 eae
943 1902 1062 1978 quidem
1083 1902 1217 1976 lacunae,

205 2009 282 2066 quas
313 1990 463 2066 varst
495 1992 525 2049 et
553 1989 683 2066 V5,32
714 1991 883 2050 odoravisse
913 1991 970 2049 sibi
996 1991 1078 2050 visus
1106 1992 1152 2049 est
1174 2021 1217 2030 -

207 2081 335 2154 utroque
366 2079 432 2138 loco
463 2098 566 2139 rocem
594 2073 756 2139 ‘incertus'
783 2079 1012 2156 interpolatione
1043 2079 1076 2136 in
1102 2079 1218 2136 textum

204 2168 365 2244 inrepsisse
394 2167 464 2245 sibi,
487 2187 547 2228 non
574 2168 642 2227 aliis
668 2169 829 2244 persuasit,
856 2169 893 2228 cf.
922 2167 1112 2228 Skutschium
1138 2166 1217 2225 Berl.

208 2256 314 2334 philol.
332 2255 435 2316 Woeh.
470 2259 568 2332 1894,
603 2259 697 2317 1514.
725 2289 768 2298 —
795 2277 899 2317 revera
932 2259 1058 2316 exstant.
1102 2257 1219 2315 restant

210 2345 308 2404 solum
329 2364 431 2405 versus
453 2345 482 2402 V
497 2346 526 2421 5,
542 2348 681 2422 24—27,
707 2347 757 2425 76,
783 2350 832 2423 77,
857 2348 907 2406 84.
953 2365 988 2406 ae
1011 2347 1037 2406 si
1060 2346 1127 2422 quis
1149 2345 1219 2403 hinc

210 2433 383 2494 concludere
413 2435 487 2494 velit
517 2455 584 2495 curn
606 2434 848 2510 Lundstroemio,
870 2435 901 2493 in
931 2435 1094 2512 exemplari
1115 2433 1219 2493 Matri·

209 2523 302 2582 tensis
316 2522 407 2582 trisse
425 2523 563 2584 hocloco
583 2525 808 2602 quinquagenos
826 2524 912 2584 binos
930 2525 962 2582 in
977 2543 1094 2600 quaque
1107 2523 1220 2601 pagina
1266 2560 1269 2567 ,

207 2629 321 2686 versus,
338 2630 398 2670 non
415 2631 516 2672 11111.
551 2612 602 2672 sed
620 2614 693 2672 haec
712 2612 861 2673 sententia
878 2612 999 2672 minime
1017 2614 1135 2690 pugnat
1152 2631 1220 2671 cum

210 2701 393 2775 Krohniana,
410 2701 459 2760 cui
476 2703 581 2776 utpote
604 2701 779 2762 certioribus
802 2703 986 2779 argumentis
1008 2702 1091 2760 nisae
1115 2703 1145 2758 et
1162 2699 1220 2777 ipsi

210 2788 388 2865 adstipulati
411 2808 519 2849 sumus.
556 2809 626 2848 nam
648 2790 713 2849 fieri
735 2791 844 2868 potuit,
866 2792 902 2848 ut
924 2791 978 2849 sub
1000 2787 1090 2847 finem
1112 2787 1220 2848 codicis

210 2879 390 2954 scripturam
426 2878 522 2955 magis
558 2880 707 2939 coartaret
742 2880 891 2937 librarius.
936 2879 982 2938 sin
1018 2880 1119 2937 autem
1154 2896 1222 2936 cum

212 2965 346 3026 Krohnio
370 2967 461 3026 etiam
484 2967 670 3027 hexametros
699 2967 778 3028 binis
805 2967 950 3028 columnis
977 2967 1103 3043 scriptos
1129 2965 1221 3025 111111

211 3055 370 3114 statuimus
381 3056 464 3115 -id
479 3057 558 3132 quod
571 3055 784 3133 probabilitate
799 3056 929 3132 quadam
942 3057 1063 3115 minime
1083 3057 1164 3115 caret
1177 3087 1221 3096 -

211 3145 302 3220 plane
324 3144 368 3202 nil
391 3144 518 3204 efficitur
542 3165 577 3204 ex
598 3145 660 3204 illis
682 3145 783 3204 ultimi
805 3145 944 3205 carminis
966 3146 1089 3206 lacunis.

280 3233 332 3292 sed
353 3226 426 3292 haec
448 3253 508 3293 non
530 3235 658 3293 multum
680 3234 780 3294 ualere
803 3234 938 3295 concedo.
971 3235 1098 3294 certiora
1116 3252 1221 3312 aggre-

213 3321 331 3380 diamur
354 3325 384 3382 et
401 3323 548 3400 graviora.
580 3323 642 3382 iam
665 3323 745 3382 enim
763 3323 897 3399 quaestio
917 3324 1055 3400 exoritur,
1075 3341 1133 3399 quo
1151 3322 1222 3382 scri-

213 3409 302 3470 bendi
331 3431 438 3488 genere
467 3413 558 3472 fuerit
587 3413 725 3472 exaratus
755 3412 806 3472 ille
834 3412 925 3472 codex
946 3411 1130 3472 Matritensis
1152 3410 1222 3470 libri

214 3502 389 3560 antecessor.

207 3634 209 3638 .
281 3607 431 3648 unacum
453 3589 577 3649 Manilio
602 3591 633 3649 et
655 3589 728 3649 Silio
751 3593 886 3667 repertae
909 3593 980 3650 sunt
1002 3588 1110 3649 Silvae.
1156 3578 1223 3647 cum

214 3695 286 3736 vero
305 3697 364 3736 non
383 3677 502 3738 eaedem
516 3679 684 3740 litterarum
699 3681 945 3741 commutationes
962 3679 995 3737 in
1007 3677 1125 3738 Manilii
1138 3679 1224 3736 textu
