2925 4192
241 349 281 404 Vl
644 348 850 403 PRAEFATIO

241 502 272 560 et
294 499 459 559 Manilium.
501 499 526 558 si
549 518 595 557 me
615 499 757 576 consulis,
780 501 966 560 considerato
990 499 1092 559 ordine
1112 519 1170 577 quo
1189 501 1254 559 lau·

241 589 351 648 dautur
374 607 392 647 a
410 588 524 666 Poggio
548 588 595 646 illi
615 591 732 664 poetae,
755 589 794 648 ad
812 589 909 649 solum
927 589 1035 649 Silium
1052 589 1138 648 illam
1156 609 1254 648 emen-

241 677 333 736 dandi
355 678 383 735 h.
409 697 432 736 e.
457 677 495 736 ad
518 678 670 753 exemplar
692 677 816 753 aliquod
838 678 1004 756 corrigendi
1028 697 1149 754 operam
1172 697 1254 755 spec·

212 768 306 829 .tare
339 785 450 826 censeo.
496 769 599 825 tamen
628 766 692 824 fieri
721 767 853 842 potuisse
883 767 1004 826 minime
1035 787 1125 845 nego,
1158 769 1192 826 ut
1220 768 1253 826 in

240 854 338 915 Statio
372 873 489 932 quoque
521 854 704 931 Manilioque
736 855 785 914 hic
816 856 879 914 illic
914 856 1059 916 nonnulla
1095 857 1253 916 adnotaret

239 942 379 1022 Poggius,
426 943 477 1003 sed
504 944 540 1002 de
567 945 623 1003 hac
649 965 694 1022 re,
722 947 871 1020 quatenus
899 945 937 1004 ad
960 945 1091 1004 Statium
1113 945 1253 1022 pertinet,

239 1033 320 1092 iufra
343 1033 510 1093 accuratius
534 1033 592 1091 erit
614 1033 771 1111 agendum.

305 1121 397 1181 codex
423 1121 517 1200 igitur
539 1121 590 1180 ille
614 1121 765 1181 Silvarum
792 1141 880 1198 quem
902 1122 1034 1201 Poggius
1062 1122 1251 1182 scribendum

238 1211 366 1289 curavit,
393 1230 460 1270 cum
491 1210 589 1286 ipsum
621 1211 772 1286 exemplar
802 1230 863 1270 non
889 1214 990 1288 posset
1021 1211 1188 1288 acquirere,
1218 1212 1250 1270 in

237 1297 359 1358 Italiam
381 1300 487 1359 missus
509 1298 609 1374 ibique
633 1299 797 1375 descriptus
820 1302 873 1359 est
919 1320 954 1360 ex
977 1319 1036 1377 quo
1060 1318 1160 1360 omnes
1184 1299 1249 1376 qui-

236 1387 291 1446 bus
312 1388 501 1447 continentur
519 1387 628 1463 Silvae,
651 1388 766 1447 codices
787 1389 955 1448 manavisse
978 1392 1082 1448 auctor
1104 1391 1150 1448 est
1167 1389 1249 1448 Poli-

235 1477 338 1536 tiauus
369 1478 488 1553 praeter
518 1475 754 1536 Laurentiauum
785 1478 824 1537 ab
855 1478 921 1554 ipso
953 1481 1057 1554 postea
1089 1480 1251 1554 repertum,

237 1585 326 1641 quem
348 1565 524 1625 Baehrentis
547 1566 668 1625 fortuna
691 1567 800 1625 iterum
823 1566 1004 1645 investigata
1027 1569 1080 1626 est.

305 1673 381 1730 quae
403 1674 471 1713 cum
492 1655 537 1714 ita
560 1655 632 1733 sint,
656 1655 786 1732 primum
809 1656 922 1715 codices
945 1656 1170 1732 perlustramus,
1199 1656 1250 1732 qui

240 1762 320 1802 nuuc
342 1745 509 1820 supersunt,
535 1744 651 1803 omissis
674 1744 788 1804 scilicet
811 1745 852 1804 eis
877 1763 950 1821 quos
973 1744 1010 1803 ab
1034 1745 1253 1821 antiquioribus

237 1831 349 1892 criticis
372 1832 511 1892 adoratos
533 1832 650 1892 minimi
672 1834 764 1910 pretii
788 1851 851 1893 esse
873 1835 953 1893 inter
975 1852 1075 1894 omnes
1098 1835 1160 1892 iam
1183 1853 1252 1893 cou-

236 1923 298 1980 stat
326 1924 357 1980 et
385 1940 511 1997 quorum
532 1939 602 1998 pars
624 1926 694 1998 post
722 1923 868 1983 editiones
896 1923 978 2000 typis
1000 1923 1159 2000 impressas
1183 1941 1251 1982 cou-

238 2011 351 2087 scripta
370 2013 423 2069 est.
456 2011 561 2070 deinde
580 2030 657 2088 quae
675 2012 756 2071 inter
774 2031 824 2072 eos
844 2012 1010 2071 intercedat
1032 2013 1111 2071 ratio
1135 2031 1252 2088 quoque

235 2099 324 2160 modo
348 2100 527 2159 cohaereant
549 2119 616 2159 cum
639 2100 800 2176 exemplari
820 2101 875 2160 illo
893 2101 1048 2178 Poggiano
1066 2101 1252 2161 studebimus

234 2187 387 2266 indagare.
428 2189 495 2247 tum
524 2189 560 2247 <le
584 2189 663 2247 notis
686 2189 761 2263 illis,
785 2208 858 2264 quas
881 2189 1049 2249 Politianus
1081 2188 1120 2247 ad
1154 2188 1251 2250 Gorsi-

234 2276 358 2334 nianum
381 2276 520 2335 editionis
541 2276 685 2352 principis
708 2277 860 2354 exemplar
877 2277 1021 2356 adpiuxit,
1046 2279 1251 2354 quaestionem

233 2361 391 2424 instituere
420 2385 435 2423 e
462 2384 494 2424 re
523 2365 587 2424 erit
633 2365 761 2442 denique
791 2367 886 2426 accito
916 2367 1015 2426 codice
1046 2367 1249 2428 Laurentiano

235 2454 328 2513 altius
356 2453 514 2513 ascendere
541 2453 727 2530 conabimur,
754 2458 789 2514 ut
816 2456 904 2531 quale
926 2456 1018 2515 fuerit
1041 2475 1196 2516 commune
1219 2459 1251 2515 et

234 2541 323 2602 huius
351 2545 382 2602 et
404 2543 577 2621 Poggianae
604 2543 738 2604 familiae
766 2544 963 2621 archetypon‚
990 2545 1088 2621 quoad
1111 2545 1176 2606 fieri
1197 2565 1250 2621 po-

233 2633 315 2708 terit,
339 2632 533 2691 enucleemus.

319 2861 339 2940 ἕ
359 2866 387 2923 1.
425 2862 631 2922 smVARUM
655 2859 824 2923 CODICES
847 2862 1167 2924 DsscRIBUNsUR.

302 2987 417 3047 codices
440 2988 525 3065 potui
549 2987 687 3048 adhibere
710 2988 830 3047 eosdem
853 3007 927 3064 quos
945 2989 1096 3048 Krohnius
1114 2989 1146 3046 iu
1164 2989 1248 3048 Voll-

234 3076 311 3135 meri
329 3076 459 3137 editione
477 3096 506 3153 p.
525 3078 565 3136 39
585 3077 778 3136 enumeravit
821 3077 929 3137 eximia
947 3078 1026 3137 euim
1042 3078 1094 3136 ille
1112 3076 1247 3154 benigni·

233 3167 312 3243 tate,
341 3184 408 3225 cum
436 3165 528 3225 officii
554 3166 682 3244 negotiis
705 3166 867 3226 distractus
891 3166 989 3226 Statio
1010 3185 1071 3225 nou
1093 3166 1167 3225 satis
1190 3166 1249 3225 sibi

233 3254 385 3313 videretur
413 3272 499 3331 posse
528 3273 650 3330 operam
679 3255 764 3330 dare,
796 3256 938 3332 quicquid
968 3255 1141 3334 collegerat,
1173 3255 1248 3315 mihi

233 3343 381 3402 utendum
402 3343 545 3419 permisit
588 3343 667 3419 quod
690 3346 792 3403 autem
815 3345 943 3404 certiora
964 3347 994 3404 et
1012 3345 1139 3404 clariora
1157 3364 1248 3422 quam

234 3431 299 3508 ipse
318 3431 468 3491 Krohnius
486 3432 504 3489 l.
525 3433 553 3507 l,
576 3432 662 3507 potui
684 3433 827 3508 proferre,
850 3433 981 3492 eiusdem
1003 3434 1110 3493 merito
1133 3435 1248 3494 factum

234 3522 287 3580 est.
333 3521 462 3580 contulit
485 3521 563 3579 enim
586 3520 717 3580 codicem
740 3521 946 3581 Matriteusem
966 3522 1129 3582 Zittaviam
1151 3526 1248 3582 traus-

233 3608 358 3669 missum
379 3628 494 3670 summa
517 3628 584 3669 oum
602 3609 761 3686 diligentia
777 3611 823 3669 ita
840 3612 875 3669 ut
894 3610 929 3669 de
948 3611 1013 3670 eius
1035 3611 1162 3671 lectione
1185 3612 1247 3670 fere

232 3717 382 3776 nusquam
405 3698 445 3759 sit
468 3698 598 3758 dubium.
638 3698 669 3758 id
693 3701 794 3758 autem
817 3700 844 3758 ei
871 3698 998 3758 maxime
1021 3700 1146 3759 debetur
1168 3700 1249 3776 quod
