2925 4192
629 393 834 449 sesamino
1135 385 1237 452 'unxi

223 541 343 602 iunctae
367 543 439 602 suut
461 542 580 602 litterae
605 561 619 602 e
642 546 672 601 et
695 548 718 618 t,
745 544 789 603 ita
811 547 847 603 ut
868 546 916 604 vel
939 544 1074 605 Loewius
1096 547 1238 614 videatur

222 631 329 708 legisse
360 626 491 706 ‘lacera'‚
524 651 600 708 quae
631 633 757 710 vulgata
788 633 877 692 lectio
909 633 975 693 luit.
1020 635 1068 693 III
1086 638 1115 713 4,
1131 637 1173 695 84
1200 638 1235 696 in

220 719 331 779 codicis
349 714 379 780 Μ
404 720 529 780 lectione
549 715 670 780 ‘saucia'
688 722 828 796 litteras
846 723 888 781 sic
910 723 972 781 fere
994 724 1106 800 scripta
1124 729 1169 784 est
1187 727 1234 785 uti

221 809 389 868 Politianus
412 809 545 868 litteram
568 811 596 868 P
616 810 743 870 seribere
773 810 894 887 solebat.
941 812 1002 870 alia
1029 813 1091 872 alia
1116 814 1234 874 ratione

224 898 416 974 explicantur.
453 898 518 975 Ι6,
534 900 575 957 10
599 893 735 959 ‘velaria’
758 901 886 959 testetus
909 904 955 960 est
977 901 1157 977 Politianus3
1181 903 1233 963 sed

220 987 322 1062 potuit
343 986 469 1046 lectione
488 987 627 1046 editionis
649 988 793 1064 principis
815 988 915 1048 induci
937 992 972 1048 ut
995 990 1135 1050 scriberet
1156 991 1233 1050 illud

222 1095 277 1151 pro
301 1070 457 1135 ‘vellaria’.

288 1165 382 1223 restat
413 1167 447 1224 ut
479 1182 528 1223 eos
559 1165 639 1224 locos
671 1165 905 1241 contemplemur
932 1167 1038 1242 quibus
1064 1167 1234 1227 Politianus

221 1256 323 1328 spreta
355 1272 391 1312 ea
420 1253 546 1312 lectione
579 1271 669 1329 quam
696 1253 728 1311 in
756 1273 809 1313 suo
837 1255 936 1314 codice
967 1255 1133 1332 repperisse
1164 1276 1233 1314 eum

220 1340 374 1417 probabile
397 1345 451 1417 est,
474 1341 673 1402 coniecturam
696 1343 731 1400 de
750 1361 803 1402 suo
822 1344 947 1403 edidisse
970 1344 1096 1405 videtur.
1140 1346 1231 1419 atque

219 1429 270 1489 bic
302 1430 438 1488 omittere
469 1431 540 1490 licet
572 1450 621 1491 eos
652 1431 732 1492 locos
766 1432 872 1507 quibus
899 1435 928 1492 c⁰
949 1434 998 1492 vel
1026 1435 1056 1492 c⁰
1078 1433 1232 1511 adposuit:

220 1537 292 1577 nam
325 1519 366 1578 eis
398 1520 566 1579 coniectura
597 1520 782 1579 Politianum
812 1540 901 1580 usum
932 1540 995 1581 esse
1022 1541 1076 1598 per
1107 1541 1137 1582 sc
1159 1521 1231 1582 -veri

219 1607 319 1666 simile
349 1611 407 1684 est,
434 1608 486 1666 ubi
515 1609 646 1670 rationes
674 1629 710 1669 ex
737 1610 803 1685 ipsa
830 1631 862 1670 re
884 1611 996 1687 petitae
1018 1629 1079 1669 non
1102 1611 1231 1672 obstant.

218 1696 295 1755 item
317 1694 412 1756 abicio
437 1717 512 1773 qnae
534 1700 640 1774 postea
658 1699 706 1758 vel
729 1699 767 1758 ab
785 1699 851 1776 ipso
868 1699 1019 1760 Politiano
1038 1700 1142 1760 addita
1160 1703 1231 1760 sunt

220 1785 270 1844 vel
293 1785 330 1844 ab
353 1786 414 1844 alio
444 1787 580 1862 quodam.
626 1805 697 1845 nam
723 1788 784 1864 legi
810 1789 842 1846 in
867 1787 1041 1866 Oorsiniano
1069 1789 1233 1866 exemplari

116 1895 118 1898 ·
217 1876 307 1934 notas
330 1875 421 1933 etiam
443 1877 562 1950 praeter
583 1875 727 1933 Politiani
751 1877 802 1950 qui
832 1876 941 1934 librum
963 1877 1062 1953 ipsum
1083 1879 1231 1953 viderunt,

221 1963 332 2022 diserte
362 1964 512 2022 testantur
534 1963 592 2022 viri
619 1964 707 2023 docti.
754 1965 788 2021 de
812 1964 937 2040 11,10
960 1966 1021 2023 iam
1048 1966 1139 2024 verba
1164 1966 1233 2041 feci,

217 2051 294 2111 item
307 2053 343 2111 de
357 2051 405 2110 ΙΠ
419 2052 449 2127 b,
464 2055 514 2111 21.
538 2053 654 2112 restant
670 2054 790 2128 praeter
802 2055 889 2112 notas
907 2072 943 2111 ex
956 2052 1082 2112 Domitii
1100 2054 1232 2138 editione

218 2141 332 2216 petitas
354 2142 425 2199 hae:

298 2231 362 2306 11,
383 2232 438 2290 54:
460 2229 590 2288 mutabit
612 2224 653 2291 A:
676 2229 807 2290 mutavit
828 2223 898 2291 llas
1132 2268 1134 2271 -

311 2321 338 2396 2,
360 2320 437 2378 123:
459 2319 629 2396 Angustum
651 2313 695 2380 A:
717 2318 886 2396 Augustum
908 2313 978 2380 Mad
1088 2400 1090 2403 Ι
1145 2332 1148 2337 ’

359 2409 437 2466 267:
458 2411 566 2486 regant
588 2402 629 2468 A:
652 2408 756 2486 legant
776 2402 846 2469 Mad

331 2497 361 2570 3,
380 2498 436 2555 41:
458 2497 526 2554 tuta
548 2491 590 2558 A:
613 2499 678 2556 tota
699 2490 771 2558 Mat

380 2587 435 2644 74:
459 2585 614 2644 Tiberinus
637 2580 678 2646 A:
701 2585 861 2645 Tiberinus
883 2599 917 2646 a:
940 2585 1087 2644 'liburnus
1110 2579 1166 2646 llo.

215 2673 255 2731 de
278 2672 422 2732 hocloco
446 2677 559 2732 certum
580 2674 723 2734 indicium
752 2675 824 2733 ferri
850 2675 962 2750 nequit.
1009 2674 1123 2732 duabus
1150 2674 1230 2732 enim

217 2761 385 2822 rationibus
401 2763 480 2838 quod
493 2763 526 2821 in
540 2775 560 2825 a
582 2762 738 2839 legebatur
756 2766 919 2822 correctum
937 2766 989 2822 est
1018 2763 1078 2821 alio
1095 2758 1228 2837 tempore

214 2851 252 2908 in
274 2868 346 2910 voce
369 2845 541 2910 ‘tiberinus'
563 2851 575 2908 i
598 2854 777 2927 expunctum
799 2852 853 2927 est,
875 2851 936 2910 alio
959 2872 975 2910 e
998 2869 1086 2927 super
1106 2845 1190 2926 prius
1207 2867 1229 2907 u

213 2939 328 3015 v'scripto
343 2934 510 3000 ‘tiberinus'
526 2940 661 2999 effectum
671 2942 723 2998 est.
740 2941 881 3016 quoniam
893 2942 1036 3016 punctum
1046 2941 1126 3014 quot
1137 2932 1228 3014 pelle·

213 3027 307 3087 batur
339 3047 354 3088 e
386 3031 470 3088 textu
496 3028 584 3088 facile
612 3028 721 3104 aliquis
744 3029 845 3106 potuit
866 3029 1036 3106 neglegere,
1059 3021 1229 3087 ‘tiberinus'

214 3119 345 3194 postea
368 3113 467 3177 ortum
490 3135 552 3176 esse
575 3119 746 3178 censuerim.
782 3120 859 3177 certe
882 3117 960 3176 falsa
982 3117 1152 3177 coniectura
1174 3110 1231 3176 est.

380 3208 435 3266 76:
459 3206 618 3285 abiungere
641 3201 683 3268 A:
706 3206 868 3282 adiungere
890 3200 960 3267 Mat

211 3327 212 3332 κ
357 3297 436 3355 102:
458 3296 548 3356 tollas
571 3290 613 3357 A:
636 3295 717 3354 tollis
741 3288 810 3356 Mat

212 3395 214 3399 ’
330 3386 359 3462 4,
381 3387 435 3443 71:
459 3404 519 3460 qua
541 3379 582 3445 A:
606 3403 723 3459 quoque
746 3377 815 3445 Mad

257 3472 289 3531 H
309 3475 337 3549 6,
359 3475 435 3533 103:
457 3473 560 3532 fileton
582 3466 624 3533 A:
646 3473 771 3548 pyleton
793 3484 845 3534 ab:
868 3466 1036 3548 piletonll

288 3561 357 3620 117
381 3564 435 3620 ct:
459 3560 497 3620 ad
519 3562 637 3621 Pollam
658 3555 700 3622 A:
723 3562 762 3619 ad
785 3558 914 3638 Oppium
936 3555 1031 3622 lullae

239 3648 287 3707 ΠΙ
308 3651 435 3726 1,149:
457 3651 551 3710 limon
573 3645 614 3711 A:
637 3649 708 3708 limo
732 3644 802 3711 Mat

211 3757 213 3767 ⁵
330 3740 358 3815 3,
377 3733 556 3817 402'gemui
578 3734 619 3800 A:
643 3738 754 3816 gemini
775 3733 819 3798 ll:
842 3739 993 3816 geminum
1016 3750 1076 3800 ab
1099 3730 1103 3738 ’
