2925 4192
251 356 294 418 20
600 354 630 408 P.
648 353 772 407 PAPINI
791 353 909 408 STATII

255 504 292 563 et
314 499 480 582 Dryadum
501 499 631 563 viduare
654 497 761 562 choris
783 498 925 583 algentia
946 498 1050 581 possit

256 588 402 674 Taygeta
424 592 457 651 et
480 587 569 652 silvis
592 608 752 651 accersere
774 585 862 650 Pana
884 585 1025 670 Lycaeis.

255 676 342 761 quod
363 676 398 740 ni
420 677 543 760 templa
566 676 678 740 darent
700 674 780 739 alias
800 674 970 759 Tirynthia
992 678 1104 760 sortes,

253 769 286 829 et
308 764 534 830 Praenestinae
557 767 707 848 poterant
728 764 868 850 migrare
891 785 1023 828 sorores.
1228 780 1262 827 10

254 853 332 937 quid
356 853 459 917 bifera
481 852 610 918 Alcinoi
632 852 761 917 laudem
783 852 928 936 pomaria
949 873 1080 937 vosque,

254 942 310 1026 qui
332 963 508 1026 numquam
530 942 622 1008 vacui
645 941 800 1025 prodistis
824 941 858 1005 in
881 941 1019 1027 aetham,
1041 939 1144 1005 rami?

320 1030 433 1095 cedant
455 1030 622 1117 Telegoni,
646 1030 759 1095 cedant
781 1030 955 1105 Laurentia
977 1029 1077 1094 Turni

251 1119 365 1204 iugera
386 1120 607 1203 Lucrinaeque
630 1118 744 1184 domus
765 1119 909 1202 litusque
933 1118 1057 1183 cruenti

250 1207 467 1293 Antiphatae,
490 1209 604 1273 cedant
626 1208 746 1272 vitreae
769 1208 846 1294 iuga
869 1207 991 1291 perfida
1014 1206 1121 1272 Circes
1227 1223 1261 1270 85

251 1296 413 1361 Dulichiis
436 1298 559 1361 ululata
580 1296 668 1379 lupis
691 1318 842 1380 arcesque
865 1292 1023 1379 superbae

251 1384 396 1469 Anxyris
419 1388 451 1449 et
474 1386 573 1469 sedes,
594 1385 739 1471 Phrygio
764 1408 843 1469 quas
865 1385 954 1449 mitis
977 1385 1106 1449 alumno

252 1473 349 1538 debet
372 1496 465 1557 anus3
488 1474 617 1558 cedant,
641 1495 722 1557 quae
745 1477 777 1537 te
801 1473 865 1538 iam
888 1473 1011 1537 solibus
1034 1473 1113 1537 artis

254 1562 325 1625 avia
346 1561 496 1626 nimbosa
519 1563 717 1627 revocabunt
739 1561 836 1627 litora
859 1562 981 1626 bruma.

319 1649 442 1714 scilicet
464 1650 517 1715 hic
540 1650 588 1713 illi
611 1650 809 1715 meditantur
831 1651 974 1734 pondera
995 1673 1115 1734 mores,
1228 1666 1262 1713 90

252 1738 305 1802 hic
329 1739 488 1822 premitur
510 1738 645 1802 fecunda
668 1739 759 1823 quies
781 1739 947 1823 virtusque
971 1761 1081 1803 serena

252 1828 359 1891 fronte
383 1827 490 1914 gravis
513 1849 672 1912 sanusque
693 1828 783 1893 nitor
804 1828 947 1913 luxuque
970 1832 1113 1893 carentes

253 1915 399 2000 deliciae,
423 1938 503 2000 quas
525 1916 596 2000 ipse
620 1916 687 1981 suis
709 1917 873 2003 digressus
894 1916 1032 1981 Athenis

252 2003 364 2070 mallet
387 2005 512 2071 deserto
536 2005 643 2070 senior
665 2004 853 2091 Gargettius
874 2005 982 2089 hort03

252 2094 330 2158 haec
354 2116 412 2177 per
435 2098 468 2158 et
489 2092 634 2179 Aegaeas
656 2093 778 2158 hiemes
801 2092 1014 2177 Hyadumque
1037 2092 1184 2156 nivosum
1228 2107 1262 2155 91

253 2181 341 2246 sidus
365 2186 397 2246 et
420 2181 542 2247 Oleniis
565 2182 699 2267 dignum
721 2181 855 2265 petiisse
879 2182 939 2245 sub
963 2180 1066 2264 astris,

253 2270 281 2334 si
304 2270 427 2334 Maleae
450 2269 606 2333 credenda
627 2269 707 2332 ratis
730 2268 917 2352 Siculosque
940 2290 999 2352 per
1022 2272 1128 2332 aestus

253 2358 296 2422 sit
319 2357 383 2421 via:
407 2379 463 2422 cur
486 2356 586 2420 oculis
610 2356 717 2421 sordet
740 2357 844 2421 vicina
865 2356 1036 2440 voluptas?

252 2446 383 2509 11101111
406 2445 558 2514 Tiburtes
579 2444 707 2509 Faunos
730 2445 840 2529 chelys
863 2449 895 2509 et
918 2445 1007 2509 iuvat
1029 2444 1137 2528 ipsum

155 2542 157 2544 ’
252 2532 387 2598 Alciden
411 2533 595 2617 dictumque
617 2533 688 2617 lyra
710 2534 830 2598 maiore
854 2533 1013 2617 Catillum,
1210 2549 1261 2598 100
1382 2546 1385 2553 ’

253 2644 310 2687 seu
333 2621 395 2686 tibi
419 2621 596 2686 Pindaricis
618 2622 743 2687 animus
766 2622 956 2689 contendere
974 2622 1106 2706 plectris

253 2712 319 2777 sire
342 2711 459 2796 chelyn
482 2710 577 2776 tollas
599 2711 698 2776 heroa
721 2711 761 2775 ad
784 2713 901 2777 robora
924 2712 990 2777 sive

252 2800 407 2865 liventem
430 2800 562 2865 satiram
583 2799 678 2887 nigra
699 2800 850 2887 rubigine
873 2801 985 2865 turbes

254 2913 310 2953 seu
334 2894 477 2955 tuanen
500 2889 563 2954 alia
585 2889 787 2974 splendescat
811 2890 948 2973 epistola
966 2912 1049 2954 cura.

255 3007 467 3016 ..--.-—-—--.-

326 3067 358 3115 18
378 3063 505 3133 Taygeta
523 3083 562 3119 m:
581 3064 704 3135 Targeta
757 3063 844 3132 lyceis
863 3066 907 3133 (ω
921 3063 1007 3132 breis)
1061 3068 1095 3118 85
1114 3062 1224 3117 11101010

255 3137 289 3185 86
307 3132 454 3187 Duluchiis
508 3138 638 3203 artesque
696 3140 730 3188 87
750 3134 882 3203 Anxyris:
901 3133 1022 3188 Anxuris
1041 3153 1067 3187 m
1127 3140 1160 3188 89
1180 3133 1260 3188 avia:

255 3203 342 3256 Antia
373 3205 571 3260 Morkloadus:
607 3204 687 3259 Alsie
718 3206 873 3260 Krobne'us:
908 3204 1020 3259 Daunia
1055 3206 1190 3260 Haedus

255 3279 288 3325 92
317 3289 456 3342 sanusque
481 3274 557 3328 nitor
580 3291 608 3333 s:
636 3292 776 3345 sanusque
803 3275 914 3345 genitor
1019 3282 1053 3329 93
1070 3274 1190 3330 Diliciae

256 3349 290 3396 94
310 3343 459 3416 Gargetius
478 3363 504 3399 o:
523 3345 683 3415 gargeticus
702 3350 747 3417 (cf.
761 3347 836 3412 lle,
850 3348 914 3417 113)
1034 3352 1067 3400 95
1087 3363 1189 3415 aegeas
1207 3346 1261 3401 1¹:

255 3430 354 3483 aegras
434 3415 620 3485 Hyadumque
638 3417 784 3472 Heinsius:
803 3416 992 3487 plyadumque
1073 3423 1107 3471 96
1125 3416 1258 3487 peciisse:

253 3501 339 3553 pecus
361 3484 417 3539 issa
434 3505 461 3540 m
486 3490 519 3541 ia
536 3505 587 3541 m.
695 3494 729 3542 98
747 3488 886 3558 Voluptas
914 3490 955 3557 (11
981 3491 1018 3544 sit
1043 3505 1140 3543 nomen
1166 3490 1262 3557 villae)

254 3555 397 3611 Krobaius
455 3506 603 3612 101101111
619 3559 787 3615 Politianus:
802 3557 892 3613 tollis:
907 3558 989 3613 tolles
1004 3575 1020 3618 ς
1035 3560 1258 3614 Wacbemutbius

326 3632 377 3680 109
395 3628 656 3770 rubiquppmturbes:
683 3628 813 3700 rubigine
839 3632 935 3698 turpes
961 3630 1066 3699 (vibres
1094 3630 1258 3699 Scriverius)

256 3698 413 3754 Geranios:
440 3699 468 3754 lo
493 3700 500 3711 '
524 3700 530 3711 '
553 3701 677 3769 etingas
700 3701 919 3758 Waclrsmuthiua
1027 3700 1260 3757 104a1ia2alta
1380 3712 1381 3723 ¹
