2925 4192
547 389 732 443 SILVARUM
751 389 781 443 L.
796 388 830 456 V,
845 394 869 441 2.
1146 387 1208 451 133

205 538 333 601 flectere
352 533 466 599 Castor
484 556 592 619 equos,
611 532 730 597 umeris
749 537 880 617 quatere
899 555 986 596 arma
1001 531 1160 616 Quirinus,

207 624 263 708 qui
286 623 348 687 tibi
371 626 445 687 tam
461 626 573 688 tenero
596 621 745 706 permisit
768 621 919 705 plaudere
943 621 1025 686 collo
1162 637 1213 685 130

204 712 385 798 nubigenas
409 712 530 796 clipeos
553 712 735 793 intactaque
759 710 909 775 caedibus
932 732 1028 775 arma.
1153 727 1158 737 ·

254 854 258 862 .
273 823 427 885 quasnam
442 800 543 886 igitur
556 804 666 883 terrae,
682 820 777 881 quem
792 798 935 863 Caesaris
949 798 1013 863 ibis
1032 798 1065 862 in
1080 798 1213 863 orbem?

203 889 384 954 Arctoosne
407 911 516 953 amnes
539 893 572 951 et
594 887 700 952 Rheni
723 888 825 951 fracta
847 886 975 951 natabis

205 978 339 1042 flumina
362 1000 403 1041 an
425 977 585 1042 aestiferis
606 976 730 1059 Libyae
754 975 885 1039 sudabis
907 976 942 1038 in
965 974 1071 1039 arvis?

205 1064 912 1238 111111119ῗὲἓὲἰίνὛῗέθὲἓξὲθέἓῗ
912 1086 1049 1216 idlae
1163 1080 1213 1127 ¹³⁵

206 1243 318 1307 Hister
340 1247 373 1307 et
396 1244 548 1308 umbroso
572 1242 757 1306 circumflua
780 1241 916 1327 coniuge
938 1240 1063 1305 Peuce?

206 1355 248 1395 an
270 1331 437 1415 Solymum
459 1331 599 1396 cinerem
622 1330 828 1414 palmetaque
852 1334 947 1413 capta
970 1329 1096 1393 subibis

136 1466 140 1474 ·
205 1443 271 1486 non
293 1420 358 1485 sibi
380 1420 491 1485 felices
513 1420 610 1485 silvas
632 1418 784 1503 ponentis
806 1418 956 1502 Idymes?

95 1579 98 1589 Δ
206 1509 291 1594 quod
313 1509 341 1573 si
364 1512 396 1572 te
419 1531 537 1594 magno
560 1508 657 1572 tellus
679 1508 804 1571 frenata
827 1507 954 1591 parenti
1165 1524 1214 1570 110

206 1597 356 1680 accipiat,
380 1602 536 1680 quantum
558 1598 646 1661 ferus
668 1596 830 1660 exultabit
852 1594 989 1660 Araxes!

208 1688 328 1770 quanta
351 1684 540 1750 Caledonios
562 1685 691 1750 attollet
714 1684 818 1770 gloria
841 1686 985 1768 campos!

207 1796 281 1837 cum
304 1772 368 1836 tihi
389 1774 565 1859 longaevus
588 1773 706 1838 referet
728 1773 828 1837 trucis
852 1772 958 1837 incola
980 1776 1097 1836 terrae:

206 1862 272 1926 ‘hic
296 1864 406 1925 suetus
429 1862 504 1925 dare
526 1861 597 1925 iura
619 1882 749 1945 parens,
772 1860 833 1925 hoc
855 1860 997 1943 caespite
1019 1863 1142 1923 turmas

207 1950 409 2034 adfari31ate
433 1950 580 2033 speculas
603 1949 798 2032 castellaque
820 1948 916 2034 longe
1153 1964 1215 2011 ·145

206 2078 249 2086 -
265 2038 404 2122 aspicis?
420 2038 532 2102 —ille
555 2037 643 2101 dedit
666 2038 831 2121 cinxitque
854 2036 933 2101 haec
952 2035 1078 2100 moenia
1096 2036 1194 2119 fossa3

207 2127 374 2213 belligeris
395 2127 474 2191 haec
498 2127 581 2191 dona
604 2126 685 2209 deis,
708 2126 787 2190 haec
810 2125 874 2190 tela
897 2125 1015 2190 dicavit

207 2254 250 2262 -
268 2216 371 2280 cernis
390 2215 493 2279 adhuc
510 2215 625 2280 titulos
640 2240 695 2299 —;
716 2215 803 2279 hunc
822 2214 892 2298 ipse
910 2212 1102 2278 vocantibus
1120 2213 1217 2278 armis

206 2304 325 2389 induit,
347 2305 433 2368 hunc
456 2303 526 2390 regi
549 2304 659 2388 rapuit
680 2303 813 2368 thoraca
836 2302 1013 2367 Britanno'.

208 2392 347 2477 qualiter
368 2393 402 2456 in
425 2392 565 2458 Teucros
587 2392 732 2457 victricia
755 2392 841 2456 bella
864 2391 992 2475 paranti
1167 2406 1217 2455 150

207 2482 357 2567 ignotum
378 2482 504 2565 Pyrrho
526 2481 673 2546 Phoenix
695 2481 848 2545 narrabat
870 2479 1039 2545 Achillem.

273 2569 366 2654 felix,
390 2570 445 2653 qui
467 2570 562 2634 viridi
584 2570 699 2653 fidens,
722 2567 859 2654 Optato,
881 2568 1012 2633 iuventa

209 2656 341 2720 durabis
364 2679 580 2741 quascumque
603 2658 671 2722 vias
693 2658 877 2742 vallumque
901 2656 1040 2743 subiba,

208 2746 318 2808 forsan
335 2748 368 2809 et
386 2745 456 2828 ipse
473 2745 560 2809 latus
575 2784 617 2791 -
632 2745 678 2809 sic
695 2746 828 2810 numina
846 2744 1003 2829 principis
1022 2745 1128 2809 adsint
1147 2782 1189 2790 —

209 2832 333 2897 cinctus
356 2836 389 2895 et
412 2833 555 2897 unanimi
578 2855 684 2898 comes
706 2833 885 2897 indefessus
909 2832 1016 2917 amici,
1168 2848 1218 2896 155

281 3028 331 3077 129
350 3040 436 3093 equos
457 3042 485 3084 ςι
505 3041 590 3093 eques
671 3030 721 3078 130
741 3024 789 3093 qui
809 3041 835 3083 s:
858 3024 920 3092 quis
993 3029 1042 3077 131
1061 3023 1218 3094 nubigenas

77 3121 78 3144 i
165 3127 167 3131 v
208 3096 246 3150 D.
265 3096 412 3151 Heinsius:
431 3094 589 3165 Nubigenae
653 3095 787 3149 caedibus
807 3112 836 3154 ςε
856 3094 980 3149 cedimus
1041 3111 1131 3151 arma:
1150 3110 1217 3149 aera

208 3167 394 3222 Markleaduo
502 3172 552 3219 133
580 3167 735 3221 Arctoosne
762 3182 792 3225 ςι
820 3183 867 3221 -00
984 3172 1035 3219 134
1059 3166 1149 3220 librae

209 3237 284 3292 arvis
304 3244 335 3293 3:
355 3237 440 3291 armis
542 3243 593 3291 137
612 3237 756 3292 umbroso:
776 3238 883 3291 undoso
902 3238 1050 3306 Acontius,
1067 3239 1148 3308 culpo

208 3309 299 3363 Peuce
318 3325 347 3368 ςε
366 3325 455 3378 peuce
528 3314 578 3362 138
598 3308 742 3378 Solymum
761 3326 787 3363 o:
808 3308 927 3361 solidum
1000 3314 1051 3363 110
1069 3323 1216 3377 magnos:

208 3396 311 3450 magne
384 3386 433 3434 141
453 3379 594 3448 Accipiat:
614 3379 735 3449 accipiet
751 3380 909 3435 Politiaucs
981 3385 1031 3433 142
1051 3377 1217 3433 Caledonios

210 3451 381 3507 Politiunus:
400 3450 555 3505 calidonios
612 3451 739 3504 1431310
758 3452 873 3506 Walter:
892 3449 982 3506 vitae:
1001 3449 1101 3519 vigiles
1122 3450 1218 3503 Mart-

210 3523 322 3577 landaaz
349 3522 420 3576 vicis
437 3523 592 3590 Baehrens,
609 3523 662 3577 clii
679 3524 738 3577 alia
832 3521 960 3591 speculas
975 3538 1004 3581 s:
1033 3518 1147 3589 specula

282 3598 332 3647 118
350 3593 517 3648 vocantibus
535 3594 681 3649 Heinsius:
709 3592 876 3647 vacantibus
984 3595 1034 3647 119
1053 3590 1170 3645 thoraca
1188 3590 1218 3659 (h

209 3665 405 3735 0011003111)
487 3662 1001 3733 1303310311110001110010310313
1079 3666 1129 3715 153
1153 3661 1217 3715 sub·

209 3732 265 3787 ibis
292 3736 419 3803 (alteram
436 3736 454 3789 b
473 3753 507 3791 eu
524 3735 545 3789 ll
563 3738 614 3806 1¹)
1177 3754 1180 3762 ⁴
