2925 4192
221 326 266 389 50
576 325 606 377 P.
625 324 750 377 PAPINI
769 322 888 378 suern

223 475 270 553 tu,
294 469 384 533 cuius
407 469 535 553 placido
556 491 692 553 posuere
715 468 750 533 in
773 473 905 553 pectere
926 466 1032 533 eedem

225 558 363 623 blandus
376 558 481 623 honos
494 557 673 642 hilarisque
683 562 792 621 tamen
806 580 880 622 curn
894 557 1034 641 pondere
1049 556 1160 641 virtus,
1202 574 1251 621 11

225 647 277 711 cui
300 668 359 711 nec
382 647 482 733 pigra
500 646 591 731 quies
613 668 672 711 nec
694 646 806 731 inique
828 646 976 731 potentia
997 668 1056 711 nec
1079 668 1153 729 spes

224 736 383 821 improba,
407 736 463 800 sed
485 736 609 799 medius
631 756 690 819 per
712 735 849 800 honesta
872 740 904 800 et
927 734 1032 799 dulcia
1053 734 1155 820 limes,

223 825 410 908 incorrupte
432 825 529 889 fidem
551 824 721 926 nullosque
745 828 882 925 erperte·
900 824 1060 925 turnultus

224 913 1084 1086 111111111111111111
1203 1018 1236 1065 20

224 1112 349 1156 comere
373 1091 502 1156 divitias
525 1091 708 1175 opibusque
731 1090 906 1156 immittere
928 1091 1047 1155 lucem:

223 1180 283 1244 hac
304 1180 440 1266 longum
462 1180 580 1245 florens
603 1179 702 1244 animi
724 1202 915 1265 morumque
938 1180 1068 1243 iuventa

222 1269 338 1333 Iliacos
361 1291 498 1353 aequare
521 1290 612 1333 senes
636 1272 669 1332 et
692 1268 818 1333 vincere
841 1272 961 1353 persta,

222 1379 304 1440 quos
327 1362 419 1441 pater
441 1357 599 1441 Elysium,
622 1357 771 1443 genetrix
795 1380 875 1441 quos
899 1357 1016 1423 detulit
1038 1378 1155 1422 annos:

221 1446 283 1510 hoc
305 1446 354 1509 illi
378 1446 472 1509 duras
496 1465 668 1511 exoravere
691 1468 826 1531 sorores,
1200 1450 1246 1510 75'

221 1534 292 1619 hoc,
315 1556 397 1617 quae
420 1539 453 1598 te
476 1535 537 1599 sub
562 1537 644 1598 teste
667 1534 768 1599 situm
789 1535 935 1621 fugitura
957 1539 1117 1600 tacentem
1243 1562 1246 1571 ·

224 1622 323 1687 ardua
345 1623 543 1709 magnanimi
565 1622 729 1688 revirescit
753 1624 857 1709 gloria
880 1623 994 1689 Blaesi.
1020 1674 1022 1679 .

699 1889 754 1955 IV.

535 2028 730 2084 PSITTAOUS
749 2029 917 2085 EIUSDEM.

286 2154 437 2236 Psittace,
461 2157 527 2221 dux
546 2157 721 2239 volucrum,
745 2155 866 2221 domini
885 2155 1021 2220 facunde
1038 2156 1199 2239 voluptas,

221 2244 380 2307 humanae
403 2244 504 2309 solers
526 2244 680 2327 imitator,
703 2245 851 2330 psittace,
874 2244 1013 2331 linguae,

222 2331 297 2415 quis
320 2336 377 2395 tua
399 2337 467 2397 tam
489 2333 599 2397 subito
623 2333 798 2417 praeclusit
821 2355 985 2398 murmura
1008 2333 1098 2398 feto?

221 2420 399 2505 hesternas,
421 2421 609 2507 miserande,
632 2421 731 2504 dapes
755 2422 930 2487 meriturus
953 2421 1042 2487 inisti

220 2508 411 2591 nobiscum.
424 2514 457 2574 et
479 2514 590 2596 gratae
614 2513 800 2594 carpentem
822 2533 954 2575 munera
977 2516 1104 2575 mensae
1218 2528 1234 2574 5

221 2602 447 2683 errantemque
470 2598 551 2663 teris
574 2599 697 2663 mediae
720 2599 795 2684 plus
818 2604 964 2684 tempore
987 2599 1091 2664 nectis

220 2686 367 2753 vidimus.
414 2688 541 2753 adfatus
565 2688 663 2753 etiam
685 2689 907 2773 meditataque
930 2689 1029 2753 verba

221 2776 412 2843 reddideras.
459 2782 493 2842 at
514 2800 600 2842 nunc
623 2783 753 2842 aeterne
776 2778 905 2843 silentia
926 2778 1045 2843 Lethes

220 2863 276 2929 ille
300 2887 436 2931 canorus
459 2867 569 2932 habes.
615 2866 708 2931 cedat
729 2867 947 2931 Phaethontia
969 2865 1060 2951 vulgi

220 2954 344 3018 fabula:
367 2977 433 3020 non
456 2956 516 3020 soli
540 2956 707 3021 celebrant
730 2977 789 3021 sua
811 2956 923 3019 funera
946 2954 1051 3040 cygni.
1200 2971 1233 3018 10

292 3185 326 3233 68
345 3180 525 3251 Incorruptae
543 3185 572 3305 pa
590 3200 649 3252 exp.
669 3183 720 3252 1¹)
794 3188 826 3237 69
846 3182 883 3235 Ε1
902 3184 1006 3237 secrete
1025 3167 1131 3253 (secure
1150 3198 1233 3236 1111.

220 3270 264 3321 ap.
281 3251 492 3322 Marklaudum)
510 3269 548 3322 pa
560 3270 614 3321 am,
629 3254 706 3322 qued
724 3252 842 3323 digeris:
862 3256 891 3308 et
910 3256 1015 3307 secrete
1033 3252 1129 3323 palam
1148 3268 1234 3321 quom

220 3322 250 3376 di
272 3322 327 3375 eris
353 3322 474 3393 (degeris
493 3326 649 3393 Adrianus)
673 3326 791 3380 Vollmer
899 3330 932 3378 74
950 3323 1078 3393 Elysium
1101 3325 1231 3379 Vollmer:

219 3341 335 3449 belisia:
354 3392 486 3463 Elysios
595 3400 627 3448 Π
646 3394 792 3449 revirescit
811 3412 839 3454 ςε
866 3395 1015 3449 revirescet
1085 3392 1180 3448 Blaesi
1200 3400 1231 3449 ςε

219 3465 305 3521 blaesi
324 3468 370 3536 (cf.
384 3467 423 3520 II
432 3471 459 3533 1,
471 3468 539 3537 201)
1164 3508 1165 3511 ,

276 3537 336 3593 lv.
357 3545 372 3592 2
390 3538 512 3609 psittaco
536 3536 588 3592 11¹:
620 3535 739 3606 psittate
829 3537 1009 3593 1111111111
1029 3554 1058 3595 ςι
1082 3536 1233 3590 Externes'z

220 3612 358 3664 extremas
377 3610 579 3665 11111111ιά11
628 3610 696 3662 811
713 3611 739 3679 (1
756 3626 789 3664 cr
809 3608 915 3677 111111
962 3614 995 3662 10
1010 3607 1154 3663 celebrant
1168 3623 1234 3661 sua:

219 3677 360 3735 celebrent
376 3684 428 3735 tua
446 3682 690 3736 Lundstrcemiu's-
768 3706 770 3725 1
