2925 4192
237 350 279 413 10
587 350 617 404 P.
636 348 760 404 PAPINI
777 349 893 405 STATII

234 494 310 559 ‘sois
332 498 378 579 ut,
400 492 523 577 mater’,
544 494 591 557 ait
613 494 713 557 ‘nulla
736 494 815 557 mihi
840 494 970 559 dextera
991 494 1100 581 segnis
1208 512 1242 561 85

235 582 363 667 militia,
386 604 618 667 quemcumque
640 582 1002 666 hominumdivumque
1025 582 1149 669 dedisti,
1198 646 1199 649 ,

235 671 347 736 uritur.
383 676 418 736 11
441 670 602 755 quondam
622 670 764 735 lacrimis
787 674 819 735 et
842 671 988 755 supplice
1011 670 1123 737 dextra

235 765 268 824 et
291 760 375 825 votis
397 760 612 844 precibusque
634 759 740 825 virum
762 759 898 825 concede
921 760 1051 845 moveri,

236 872 255 913 o
278 849 439 935 genetrix:
463 849 542 913 duro
564 870 625 914 nec
647 848 733 913 enim
757 871 796 913 ex
819 848 986 924 adamante
1009 849 1118 935 creati,

235 937 291 1001 sed
313 942 369 1001 tua
391 938 488 1002 turba
510 960 629 1001 sumus
665 937 770 1002 clarus
793 937 831 1002 de
854 941 951 1023 gente
918 937 1089 1001 tLatina
1173 982 1174 985 =
1209 956 1242 1005 uo

236 1026 317 1090 est
308 1025 446 1110 ruvenis,
469 1048 564 1127 quem
586 1026 732 1110 patriciis
756 1025 932 1091 maioribus
955 1030 1062 1091 ortum

234 1114 390 1179 nobilitas
413 1115 523 1201 gavisa
545 1115 622 1179 tulit
643 1136 864 1267 praesagaque
886 1115 1008 1181 formae

235 1203 384 1287 protinus
406 1226 423 1268 1
445 1208 557 1268 nostro
580 1203 691 1287 posuit
713 1203 905 1289 cognomina
927 1204 1023 1270 eaelo.

235 1293 321 1357 hunc
343 1296 508 1378 egomett
510 1296 621 1356 ota-
636 1291 798 1375 quondam
821 1292 883 1356 tibi
907 1291 1053 1356 dulce—
1069 1292 1221 1375 pharetra

236 1380 405 1464 improbus
427 1386 460 1445 et
483 1380 580 1445 densa
602 1381 819 1465 trepidantem
842 1380 973 1464 cuspide
995 1380 1060 1445 fixi.
1210 1398 1242 1445 11

236 1469 382 1553 quamvis
403 1468 558 1534 Ausoniis
580 1469 720 1533 multum
743 1491 842 1553 gener
863 1469 918 1533 ille
941 1469 1064 1553 petitus

236 1557 403 1642 matribus,
426 1558 554 1622 edomui
576 1556 697 1622 victum
720 1557 930 1641 dominaeque
953 1558 1097 1641 potentis
1125 1620 1127 1624 .

234 1646 319 1711 ferre
341 1646 454 1730 iugum
477 1649 510 1709 et
531 1646 647 1732 longos
669 1646 748 1711 iussi
771 1668 900 1730 sperare
922 1668 982 1730 per
1004 1668 1111 1711 annos.

235 1738 287 1798 ast
311 1734 401 1799 illam
424 1757 548 1799 summa
569 1734 741 1799 1111111-
756 1734 800 1799 sic
822 1756 961 1818 namque
983 1735 1119 1801 iubebas
1134 1774 1176 1781 —

235 1822 383 1905 lampade
405 1827 574 1907 parcentes
597 1828 630 1888 et
652 1824 749 1888 inerti
773 1824 960 1889 strinximus
983 1846 1065 1889 arou.
1093 1883 1095 1889 .
1209 1840 1244 1889 8ο

236 1934 276 1975 ex
299 1911 356 1975 illo
381 1916 518 1995 quantos
540 1912 665 1977 iuvenis
687 1916 814 1996 premat
837 1912 953 1977 anxius
973 1912 1074 1999 ignes,

235 2000 329 2082 testis
354 2023 414 2087 ego
437 2001 604 2088 attonitus,
628 2005 785 2085 quantum
806 2023 858 2065 me
880 2006 975 2065 nocte
988 2001 1115 2084 ¹dieque

236 2094 431 2175 urguentem
454 2091 545 2154 ferat.
577 2090 663 2155 haud
685 2090 744 2154 ulli
766 2089 985 2155 vehementior
1008 2112 1160 2173 umquam

236 2178 379 2262 incubui,
401 2178 560 2263 genetrix,
582 2178 760 2261 iterataque
783 2178 915 2243 vulnera
937 2177 1012 2242 fodi.

236 2265 301 2329 vidi
325 2288 385 2351 ego
409 2270 443 2329 et
465 2266 583 2330 immiti
606 2266 759 2349 cupidum
782 2272 946 2331 decurrere
969 2288 1083 2350 campo
1209 2284 1244 2333 85

235 2353 475 2437 Hippomenen,
497 2376 557 2417 nec
579 2354 625 2417 sic
647 2358 734 2419 meta
757 2353 901 2436 pallebat
887 2354 959 2418 tin
981 2354 1103 2439 ipsa3

235 2441 357 2505 vidit
324 2445 357 2505 et
379 2440 562 2525 Abydeni
553 2442 677 2507 iuvenis
700 2442 855 2507 certantia
878 2442 993 2507 remis

236 2530 386 2593 bracchia
408 2530 599 2631 laudavique
621 2554 735 2595 manus
758 2535 790 2594 11
813 2552 909 2615 saepe
931 2532 1056 2597 natanti

236 2618 395 2703 praeluxi:
419 2619 524 2683 minor
546 2619 600 2683 ille
624 2619 719 2705 calor,
742 2640 806 2703 quo
829 2642 923 2685 saeva
946 2621 1102 2704 tepebant

235 2729 387 2791 aequora:
410 2712 446 2771 tu
425 2708 633 2792 11111111,
623 2709 757 2792 ruvenis,
779 2713 999 2795 transgressus
1018 2731 1150 2774 amores
1209 2727 1243 2775 90

236 2796 307 2880 ipse
330 2818 390 2882 ego
413 2802 447 2862 te
469 2800 630 2861 tantost
599 2798 710 2881 supui
735 2797 864 2862 durasse
887 2820 945 2881 per
966 2801 1076 2862 aestus

235 2886 424 2970 firmavique
448 2885 571 2951 animos
594 2886 784 2970 blandisque
807 2887 946 2951 madent
922 2890 968 2953 111
991 2886 1110 2969 plumis

235 2974 358 3037 lumina
381 2974 507 3040 detersi.
544 2975 693 3059 quotiens
714 2974 799 3039 mihi
819 2980 912 3058 quest
914 2998 951 3039 us
972 2974 1102 3059 Apollo,

236 3062 283 3125 sic
305 3067 412 3127 vatem
434 3084 574 3128 maerere
597 3064 736 3128 suum!
726 3086 805 3149 ram,
827 3068 941 3143 mater,
965 3067 1088 3127 amatos

236 3149 367 3235 indulge
390 3150 556 3215 thalamos.
592 3157 666 3217 nost
667 3174 702 3216 er
724 3173 830 3217 comes
853 3151 907 3215 ille
931 3151 1067 3235 piusque
1210 3168 1244 3217 95

308 3348 341 3395 68
359 3340 462 3396 virum:
481 3342 536 3396 1111
554 3345 724 3399 Bernartius
832 3348 864 3396 71
884 3342 1037 3399 maioribus
1057 3346 1086 3414 (a
1103 3362 1137 3401 11
1155 3362 1174 3396 1
1192 3344 1243 3413 1¹)

241 3443 245 3471 :
308 3412 490 3482 1111111111
507 3413 630 3482 1111111)
695 3420 730 3470 74
748 3414 903 3483 quondam:
923 3414 1056 3482 quoniam
1074 3415 1244 3473 Parrhasias

308 3490 341 3538 75
370 3484 472 3540 densa:
491 3486 581 3538 tensa
600 3485 684 3539 Koest
686 3487 772 3540 linias
840 3490 887 3543 80
905 3487 1052 3555 parcentes
1071 3487 1096 3555 (1
1115 3502 1242 3556 saproc

236 3557 299 3610 add
319 3556 369 3625 1¹)
423 3561 456 3610 82
475 3555 656 3614 attonituss:
675 3556 797 3610 attonito
852 3561 886 3609 83
904 3556 1076 3625 Urguentem
1089 3558 1119 3627 (u
1132 3574 1192 3626 esp.
1207 3558 1243 3624 111)

306 3632 341 3679 85
360 3626 463 3681 immiti
480 3626 532 3681 1²:
557 3626 664 3681 inmitti
749 3632 783 3683 86
801 3626 970 3695 Ippomenen
1054 3632 1091 3684 87
1108 3626 1243 3695 abydeni.

237 3697 341 3765 abydei
357 3716 384 3751 m
446 3703 480 3752 89
498 3697 642 3752 Praeluxi
660 3696 819 3766 preclusis
878 3702 911 3751 95
930 3697 1094 3767 indulges:
1112 3697 1246 3768 Indulget
