2925 4192
548 392 734 449 survilliers
753 394 782 448 L.
798 393 844 462 IV,
859 400 883 449 c.
1160 394 1223 458 111

77 513 78 520 ,
211 537 345 623 diraque
366 537 534 614 Romuleis
556 541 743 622 portantem
765 538 912 603 incendia
934 538 1031 603 tectis

211 626 337 712 oderat,
359 631 393 692 et
416 649 488 693 cum
512 627 633 713 epulas,
656 632 690 692 et
712 649 786 693 cum
808 626 934 692 Lenaea
956 626 1077 692 dicaret
1190 645 1227 697 80

77 731 79 740 ’
211 715 307 801 dona,
331 715 409 781 deus
432 715 546 781 castris
567 738 715 784 maerens
737 738 843 782 comes
866 716 913 782 ire
935 715 1096 799 nefandis,

210 804 384 888 praecipue
407 827 480 870 oum
502 805 659 892 sacrilega
680 806 750 870 lace
773 804 903 870 miscuit
925 825 1014 869 arces

211 893 315 977 ipsius
338 894 581 979 immeritaeque
603 894 716 959 domos
739 916 776 959 ao
798 894 922 977 templa
943 892 1080 981 Sagunti

210 981 331 1065 polluit
353 985 386 1047 et
408 982 541 1067 populis
562 983 663 1048 furias
685 982 821 1047 immisit
842 982 1004 1047 honestes.

278 1093 338 1137 nec
360 1075 436 1155 post
458 1070 581 1137 Sidonii
603 1072 706 1137 letum
729 1072 819 1137 ducis
841 1093 913 1136 aere
936 1071 1043 1155 potita
1190 1090 1226 1139 85

211 1160 344 1246 egregio
366 1160 496 1245 plebeia
518 1160 640 1227 domus.
679 1160 826 1225 convivia
848 1159 955 1244 Syllae

211 1249 348 1313 ornabat
370 1272 498 1335 semper
520 1250 624 1316 claros
646 1250 767 1316 intrare
790 1254 924 1334 penates

210 1337 380 1403 adsuetum
402 1342 435 1403 et
457 1338 536 1404 felix
560 1339 764 1405 dominorum
786 1342 956 1403 stemmate
978 1337 1117 1424 signum.

275 1449 361 1492 nnnc
379 1449 516 1512 quoque,
534 1427 563 1492 si
581 1450 687 1493 mores
704 1428 909 1511 humanaque
926 1430 1059 1510 pectora
1076 1448 1170 1493 curae

209 1536 304 1580 nosse
327 1516 409 1602 deis3
430 1538 496 1581 non
518 1517 592 1581 aula
615 1516 759 1602 quidem,
781 1515 963 1601 Tirynthia,
985 1536 1045 1580 neo
1067 1519 1101 1580 te
1189 1532 1225 1583 80

76 1603 78 1648 ἕ
210 1604 319 1689 regius
342 1604 447 1669 ambit
467 1605 585 1690 honos,
608 1605 665 1670 sed
687 1609 775 1670 casta
796 1604 972 1692 ignaraque
996 1604 1109 1689 culpae

210 1713 301 1764 mens
320 1692 455 1775 domini,
473 1693 525 1757 oui
543 1694 651 1777 prisca
667 1695 747 1759 fides
765 1697 962 1777 coeptaeque
981 1714 1123 1778 perenne

211 1780 325 1845 foedus
347 1780 516 1846 amicitiae.
561 1783 624 1848 scit
647 1783 751 1847 adhuc
773 1783 908 1847 florente
931 1782 993 1847 sub
1016 1804 1095 1847 aevo

209 1891 270 1954 par
291 1869 420 1955 magnis
440 1869 596 1934 Vestinus
618 1871 699 1955 avis,
722 1892 818 1955 quem
841 1875 935 1935 nocte
959 1870 1074 1954 dieque

209 1958 313 2043 spirat
336 1963 370 2023 et
392 1958 426 2023 in
449 1980 540 2023 carae
563 1958 643 2023 vivit
666 1958 892 2042 complexibus
915 1958 1057 2023 umbrae.
1187 1976 1222 2025 et

208 2046 262 2113 hio
284 2047 387 2134 igitur
409 2046 472 2112 tibi
494 2046 580 2112 laeta
604 2046 708 2134 quies,
730 2047 907 2113 fortissime
931 2047 1052 2131 divum,

207 2134 336 2220 Alcide,
357 2158 416 2201 nec
439 2136 526 2201 bella
548 2135 638 2201 vides
659 2157 851 2223 pugnasque
873 2136 1012 2220 feroces,

208 2225 265 2292 sed
287 2226 404 2311 chelyn
427 2230 461 2290 et
482 2224 581 2290 vittas
603 2230 637 2290 et
659 2230 805 2290 amantea
828 2224 969 2291 carmina
990 2225 1110 2291 laurus.

206 2313 260 2379 hic
282 2314 345 2379 tibi
367 2314 504 2387 solemni
527 2314 721 2397 memorabit
744 2314 897 2400 carmine,
921 2317 1062 2398 quantus

87 2458 90 2463 .
207 2401 321 2469 Iliacas
343 2402 535 2488 Geticasque
558 2404 671 2470 domos
694 2409 898 2489 quantusque
920 2402 1059 2469 nivalem
1169 2422 1222 2470 100

207 2490 422 2577 Stymphalon
441 2497 644 2578 quantisque
662 2493 749 2581 iugis
766 2493 991 2579 Erymanthon
1010 2492 1141 2576 aquosis
1199 2506 1201 2513 '

207 2580 361 2645 terrueris
396 2603 493 2666 quem
515 2585 549 2653 te
571 2582 698 2666 pecoris
720 2604 887 2666 possessor
909 2581 1038 2664 Hiberi,

208 2688 304 2752 quem
326 2633 439 2733 bilerit
461 2691 574 2734 saevae
595 2671 791 2736 Mareoticus
813 2670 936 2737 arbiter
958 2692 1040 2735 arae.

208 2755 262 2827 bic
284 2760 453 2841 penetrata
475 2758 539 2823 tibi
561 2758 768 2842 spoliataque
789 2758 903 2824 limina
923 2759 1038 2825 mortis

209 2844 355 2911 concinet
378 2849 411 2909 et
432 2846 547 2912 flentes
568 2846 692 2930 Libyae
714 2846 929 2931 Scythiaeque
952 2847 1108 2930 puellas(
1169 2865 1219 2913 105

207 2956 266 2998 neo
288 2937 322 2997 te
345 2936 497 3020 regnator
518 2934 681 3000 Macetum
702 2958 762 3000 nec
787 2934 945 3001 barbarus
967 2937 1122 3019 umquam

279 3182 312 3252 ⁷9.
329 3181 491 3249 portantem
510 3198 539 3239 5:
558 3184 717 3252 portantem
793 3188 827 3236 81
846 3198 938 3237 comes
957 3198 986 3240 ςι
1005 3182 1092 3237 comis
1164 3200 1220 3254 nep

207 3251 269 3321 (del.
287 3250 339 3321 1¹)
356 3249 488 3305 nefandis
594 3258 628 3307 82
647 3252 788 3325 sacrilega
808 3253 974 3311 Gronovius:
993 3253 1146 3325 sacrilegas

207 3337 285 3376 arces
304 3337 334 3381 ςε
354 3325 429 3377 artes
526 3328 560 3376 83
579 3322 793 3393 immeritaeque
813 3342 842 3385 ςε
861 3322 1034 3408 meritaeque
1124 3325 1219 3397 sgimti

278 3398 312 3447 86
332 3409 396 3448 aere
419 3409 448 3453 a:
477 3409 543 3449 aera
649 3400 684 3449 86
702 3394 816 3466 egregio
835 3412 865 3456 r:
892 3395 1016 3479 Egregia
1123 3396 1219 3467 Syllae

206 3462 353 3520 chdias:
372 3462 629 3534 aibillaesptemm
646 3466 658 3521 i
675 3484 710 3523 rc
727 3484 747 3521 u
764 3467 816 3536 1¹)
905 3472 939 3521 88
959 3484 996 3523 ⁸1:
1025 3466 1065 3522 ric
1084 3468 1220 3525 worda

278 3540 313 3589 80
331 3534 478 3605 Tirynthia
497 3535 671 3594 Potitiorum
697 3537 809 3592 tirintia
916 3543 949 3593 91
968 3540 1050 3593 casta
1067 3556 1097 3599 ςτ
1125 3542 1220 3595 cntra

277 3611 313 3661 04
330 3606 441 3677 magnis
460 3624 473 3661 s
491 3610 515 3675 (s
534 3609 654 3681 del.1¹)
680 3611 806 3665 reatinus
878 3609 940 3666 aris
958 3610 1108 3667 Arcadas:
1136 3608 1219 3679 equis

288 3682 322 3731 88
341 3677 437 3733 dirum
464 3679 517 3734 1¹:
554 3678 706 3751 divumque
834 3686 882 3735 101
912 3680 1111 3751 Strymphalon

207 3753 258 3801 106
277 3747 383 3818 Libyae
402 3767 431 3809 5:
450 3749 522 3805 libre
