2925 4192
551 324 736 378 0111111011
754 325 784 379 c.
798 324 832 407 11,
848 330 871 379 1,
1140 404 1147 428 ,
1169 326 1212 389 33

204 475 337 558 pectora
359 473 392 533 et
413 472 552 554 angusta
573 468 656 531 telas
678 472 782 533 artare
804 470 939 556 lacerna,
1162 487 1213 535 130

204 580 352 626 enormes
374 579 440 622 non
462 556 517 621 illc
540 555 637 639 sinus,
660 557 716 621 sed
738 578 863 641 semper
885 558 925 621 ad
947 580 1047 623 annos

203 652 296 715 texta
318 646 430 733 legens
451 645 546 710 modo
570 644 705 728 puniceo
729 644 858 711 velabat
880 645 1007 732 amictu,

203 759 291 804 nunc
313 735 430 799 herbas
452 733 599 798 imitante
622 733 703 818 sinu,
724 756 810 799 nunc
833 733 924 799 dulce
946 735 1076 801 rubenti

203 824 335 909 murice,
357 844 442 887 nunc
463 821 545 886 vivis
568 821 688 909 digitos
709 822 877 887 incendere
900 824 1035 909 gemmis

204 913 381 1002 gaudebat:
403 933 469 976 non
491 910 588 974 turba
605 932 719 994 comes,
741 934 807 977 11011
825 933 958 977 munera
976 918 1114 978 cessant:
1160 930 1211 980 135

205 1003 276 1069 0010
298 1000 475 1065 verecundo
499 999 608 1063 deerat
629 1003 798 1083 praetexta
821 1000 934 1065 decori.

271 1091 350 1155 haec
372 1089 501 1153 fortrma
524 1088 645 1152 domus.
690 1088 815 1154 subitas
837 1088 966 1154 inimica
987 1090 1105 1155 levavit

204 1180 306 1246 Parca
323 1199 445 1242 manus.
482 1197 556 1264 quo,
578 1176 659 1259 diva,
681 1177 767 1243 feros
784 1177 891 1264 gravis
910 1178 1013 1243 exeris
1031 1179 1179 1265 ungues?

204 1291 272 1334 non
294 1270 328 1331 te
349 1266 453 1331 forma
474 1268 591 1350 movet,
614 1270 734 1330 1101110
757 1266 965 1345 lacrimabilis
987 1268 1096 1333 aetas?

203 1358 291 1421 hunc
312 1377 372 1419 nec
394 1376 488 1419 saeva
510 1352 578 1419 viro
601 1353 761 1437 potuisset
784 1378 913 1439 carpere
936 1355 1068 1442 Procne,
1157 1374 1208 1422 140

204 1468 264 1511 nec
286 1444 354 1509 fera
377 1442 521 1507 crudeles
544 1440 671 1507 colchis
694 1444 840 1508 durasset
862 1444 897 1508 in
918 1444 991 1529 iras,

78 1576 79 1582 κ
204 1534 312 1599 adibis
333 1530 448 1596 Aeolia
469 1552 529 1596 nec
551 1532 580 1595 si
601 1530 685 1596 foret
707 1531 770 1597 iste
794 1531 923 1617 Oreusa3

204 1628 317 1688 torvus
339 1620 380 1685 ab
404 1620 466 1685 hoc
484 1618 640 1684 Athamas
662 1620 793 1686 insanos
814 1622 957 1687 flecteret
980 1644 1085 1707 arcus,

203 1712 291 1775 bunc
309 1730 502 1793 quamquam
517 1707 695 1773 Hectoreos
713 1709 836 1774 cineres
849 1709 1041 1795 Troiamque
1059 1734 1193 1795 perosus

203 1798 348 1865 turribus
372 1820 389 1862 e
411 1796 563 1882 Phrygiis
585 1797 692 1861 flesset
713 1797 869 1863 missurus
891 1798 1011 1864 Ulixes
1160 1817 1211 1867 145

204 1888 342 1973 septima
364 1887 430 1970 lux,
453 1889 486 1949 et
508 1884 573 1949 iam
594 1884 748 1971 frigentia
770 1885 892 1950 lumina
915 1890 1054 1973 torpent,

204 1977 270 2042 iam
292 1974 461 2059 complexa
482 1995 579 2038 manu
602 1973 722 2039 crinem
743 1977 834 2038 tenet
856 1974 958 2039 infera
980 1973 1069 2041 Iuno,

204 2066 398 2146 111010111οη,
420 2061 529 2128 Parcis
550 2061 682 2148 fragiles
704 2062 895 2147 urgentibus
918 2084 1018 2128 annos

204 2158 237 2219 te
259 2152 351 2218 urltu
373 2150 530 2217 moriente
551 2150 639 2215 videt
660 2150 836 2237 linguaque
859 2151 990 2217 cadente

203 2245 394 2325 murmurat3
416 2240 451 2304 in
473 2244 506 2304 te
529 2262 639 2305 omnes
658 2239 751 2305 vacui
772 2240 837 2304 iam
859 2240 999 2324 pectoris
1017 2240 1104 2306 efflat
1160 2258 1211 2307 150

204 2331 365 2415 reliquias,
387 2329 492 2395 solum
513 2327 660 2393 meminit
682 2330 849 2413 solumque
872 2333 1039 2394 vocantem

204 2419 334 2485 exaudit
356 2417 482 2502 tibique
506 2440 562 2482 ora
582 2421 699 2502 movet,
720 2417 785 2482 tibi
806 2417 905 2483 verba
926 2417 1080 2502 relinquit

204 2514 237 2573 et
260 2507 412 2592 prohibet
434 2506 574 2592 gemitus
596 2506 842 2591 consolaturque
866 2506 1034 2571 dolentem

202 2601 333 2683 gratum
351 2599 409 2678 001,
427 2594 516 2680 Fata,
533 2599 650 2678 tamen,
668 2596 754 2678 quod
771 2617 837 2660 non
855 2617 941 2659 mors
953 2596 1041 2660 lenta
1054 2595 1187 2661 iacentia

204 2684 312 2750 exedit
334 2681 458 2767 puerile
481 2682 591 2766 decus,
613 2705 786 2767 manesque
810 2683 932 2747 subivit
1158 2698 1208 2748 155

203 2774 331 2857 integer
353 2776 386 2835 et
407 2770 497 2834 nullo
522 2773 695 2835 temeratus
718 2792 850 2854 corpora
873 2771 997 2855 damno,

205 2858 310 2945 qualis
333 2861 408 2922 erat.

447 2945 525 3030 quid
547 2968 607 3032 ego
630 2947 783 3030 exequias
806 2950 839 3011 01
860 2946 994 3033 prodiga
1016 2947 1152 3012 flammis

204 3038 288 3102 dona
311 3036 424 3119 loquar
445 3037 630 3118 maestoque
652 3035 796 3100 ardentia
817 3035 930 3099 funera
949 3036 1050 3100 luxu?

204 3126 290 3211 quod
312 3123 375 3190 tibi
397 3144 558 3209 purpureo
581 3122 683 3189 tristis
705 3146 803 3209 rogus
825 3145 942 3209 aggere
965 3123 1071 3209 crevit,

205 3286 417 3297 ..-,..,.-—.--

276 3394 327 3443 130
345 3388 464 3442 Pectora
481 3388 616 3457 (010001
633 3386 684 3457 1¹)
765 3388 886 3458 augusta
993 3394 1042 3443 132
1062 3388 1159 3459 legens
1178 3405 1208 3449 ςε

203 3463 281 3532 leges
362 3463 413 3512 138
430 3473 539 3527 ungues
557 3458 711 3514 Mauritius:
729 3474 836 3527 angues
918 3464 967 3512 143
986 3457 1095 3513 abhoc
1113 3460 1208 3514 Mark-

205 3529 443 3587 lauduszadhoc
460 3532 523 3599 (1110
539 3545 626 3599 supra
644 3545 677 3583 oc
695 3530 759 3584 cdd.
778 3531 813 3599 m)
869 3529 1155 3599 145011’(113)ιο1

206 3610 256 3657 143
274 3619 309 3671 pe
328 3602 390 3670 (dcl.
403 3600 453 3670 11¹)
471 3603 567 3653 tamen
641 3605 692 3655 158
710 3599 791 3654 Dona
809 3602 836 3669 (o
855 3617 888 3654 aa·
906 3616 923 3653 a
940 3600 991 3669 1¹)
1063 3598 1162 3667 loquar
1181 3618 1208 3655 c:

203 3675 302 3742 loquor
392 3675 442 3723 153
460 3687 557 3741 rogus:
576 3673 690 3729 10111ος
