2925 4192
265 402 328 466 134
612 402 642 454 r.
661 400 785 454 1111111
803 400 919 455 sunm

262 570 325 633 quo
348 545 485 631 Pylades
509 569 548 610 ex
570 568 659 610 more
682 545 771 629 pino,
794 568 857 629 quo
880 544 1030 609 Dardana
1053 545 1154 631 gessit

261 636 347 701 bella
364 634 591 699 Menoetiades.
633 634 755 718 quippe
779 634 857 697 haee
881 632 1049 698 eoncordia
1071 633 1178 717 vobis,

260 724 322 789 hic'
337 746 427 789 amor
449 728 498 788 est
521 723 676 806 duretque
699 724 825 806 precor!
859 745 919 787 nos
941 722 1057 787 fortior
1079 727 1166 787 actas

261 814 326 877 iam
343 812 442 899 fugit3
464 812 540 876 hino
557 811 642 886 votis
660 811 803 875 animum
821 810 1035 895 precibusque
1054 810 1180 897 iuvabo,
1217 862 1222 872 .

261 900 408 967 etmihi!
450 901 506 966 sed
529 904 663 984 questus
685 900 800 965 solitos
823 899 851 964 si
873 899 957 964 forte
980 900 1073 964 ciebo
1217 917 1268 964 160

261 994 294 1054 01
316 1012 388 1054 mea
410 988 559 1054 Romulei
581 988 711 1053 venient
735 989 774 1052 ad
797 988 937 1053 carmina
960 992 1082 1074 patres,

260 1083 298 1143 tu
321 1078 437 1163 deeris,
461 1076 619 1163 Crispino,
641 1077 734 1162 mihi,
758 1099 938 1161 cuneosque
962 1099 1021 1160 per
1043 1099 1153 1141 omnes

261 1172 294 1232 te
316 1190 406 1232 meus
429 1167 596 1231 absentem
619 1165 901 1250 circumspectabit
923 1164 1075 1230 Achilles.

261 1257 316 1321 sed
339 1256 448 1321 venies
469 1255 583 1319 melior
600 1293 645 1301 —
662 1258 773 1319 vatum
795 1275 861 1319 11011
883 1254 974 1318 irrita
996 1258 1128 1319 currunt

261 1344 368 1410 omina
380 1382 429 1430 —,
439 1343 558 1428 quique
573 1343 696 1427 aquilas
714 1342 778 1408 tibi
791 1365 875 1407 nuno
890 1346 922 1406 et
937 1346 1040 1407 castra
1053 1343 1198 1429 recludit,
1218 1358 1268 1407 166

260 1434 345 1499 idem
368 1455 478 1498 omnes
501 1433 643 1517 perferre
666 1432 784 1517 gradus
808 1431 958 1517 cingique
982 1431 1131 1516 superbis

260 1522 403 1587 fascibus
426 1526 459 1586 et
481 1520 604 1605 patrias
627 1520 718 1584 dabit
741 1519 895 1584 insedisse
919 1519 1052 1585 curules.

326 1610 383 1675 sed
402 1610 474 1694 quis
491 1610 533 1673 ab
553 1608 686 1673 excelsis
705 1608 860 1673 Troianae
879 1609 1016 1673 collibus
1034 1608 1153 1693 Albae,

260 1699 344 1763 unde
366 1720 442 1762 suae
465 1698 555 1762 iuxta
578 1701 765 1781 prospectat
787 1696 914 1762 moenia
936 1698 1057 1763 Romae
1250 1774 1253 1777 Ι

260 1787 429 1873 proximus
451 1786 506 1851 ille
529 1786 620 1871 dena,
643 1785 742 1849 Fama
764 1786 904 1851 velocior
925 1785 1026 1850 intrat
1217 1803 1269 1850 110

260 1876 393 1942 nuntius
416 1879 512 1959 atque
535 1879 610 1940 tuos
633 1874 760 1961 implet,
785 1873 944 1958 Crispine,
967 1874 1122 1958 penates?

262 1966 407 2030 dicebam
430 1967 529 2028 certe:
565 1967 675 2027 vatum
697 1986 763 2029 non
786 1963 878 2028 irrita
900 1967 1033 2027 currunt
1069 2038 1070 2041 Ἴ

260 2054 403 2139 auguria.
444 2054 496 2118 eni
528 2054 643 2138 ingens
665 2056 786 2117 reserat
805 2052 867 2116 tibi
888 2052 987 2116 limen
1004 2051 1164 2117 honorum

261 2141 376 2207 Caesar
398 2146 431 2205 et
452 2140 589 2207 Ausonii
611 2142 786 2206 committit
809 2140 918 2206 munia
940 2140 1024 2205 ferri.

261 2231 353 2315 vade,
376 2252 470 2316 puer,
493 2230 656 2313 tantisque
680 2230 794 2294 enixus
817 2230 927 2294 suffice
951 2229 1056 2314 (101110,
1218 2246 1270 2293 116

261 2320 353 2402 felix,
377 2318 432 2402 qui
454 2341 572 2404 magno
595 2318 660 2381 iam
682 2341 768 2383 nune
791 2318 852 2383 sub
876 2318 1022 2401 praeside
1045 2318 1131 2381 iuras

262 2408 376 2492 cuique
400 2429 488 2471 sacer
511 2405 651 2490 primum
674 2406 774 2471 tradit
792 2405 999 2471 Germanicus
1023 2408 1143 2470 ensem!

261 2518 326 2560 non
348 2494 454 2559 minus
471 2495 546 2581 hoc,
568 2494 662 2559 fortis
685 2517 783 2579 quam
805 2495 833 2559 si
851 2494 914 2559 tibi
937 2495 1093 2579 panderet
1110 2494 1181 2578 ipse

261 2584 464 2667 Bellipotens
486 2584 610 2668 aquilas
633 2588 788 2668 torvaque
811 2584 975 2648 induceret
998 2606 1053 2647 ora

262 2672 392 2738 casside.
436 2673 515 2737 vade
538 2672 642 2737 alacer
663 2672 848 2757 maioraque
872 2671 957 2737 disce
980 2672 1109 2737 mereri!
1218 2690 1269 2737 180

736 2938 790 3003 HI.

492 3077 686 3133 EPIOEDION
704 3078 744 3131 IN
762 3077 912 3132 PATREM
931 3077 1037 3131 SUUM.

327 3204 400 3288 lpse
423 3205 524 3269 malas
546 3204 630 3269 vires
653 3208 686 3269 et
708 3203 916 3269 lamentabile
940 3226 1067 3268 carmen

261 3293 374 3378 Elysio
398 3293 436 3356 de
458 3294 548 3357 fonte
570 3292 650 3357 mihi
673 3293 867 3377 pulsumque
890 3292 1038 3356 sinistrae

334 3539 566 3593 1611100011οι
637 3538 786 3592 concordia
805 3555 833 3596 5:
853 3536 948 3591 cordia
1031 3543 1080 3592 166
1099 3538 1147 3591 Et:
1167 3538 1222 3591 heu
1242 3557 1267 3593 c:

261 3610 309 3663 hei
326 3611 547 3679 Hndcnbropius
634 3610 761 3675 questus:
781 3610 876 3663 coetus
896 3608 1051 3665 Grortooias
1141 3614 1191 3661 166
1211 3610 1270 3663 ein·

263 3678 347 3748 gique
366 3681 535 3735 Petit-ianus:
555 3677 699 3747 cingitque
763 3685 813 3733 168
833 3678 883 3731 sed
901 3694 932 3736 s:
952 3678 993 3734 Si:
1014 3683 1051 3733 st!
1072 3680 1215 3733 Krobaius

264 3750 550 3808 176106ος11111110
623 3754 673 3802 180
692 3749 802 3803 casside
821 3765 849 3807 ςε
870 3748 1006 3803 Cassidad
1078 3750 1168 3805 alater
