2925 4192
562 356 749 411 snvnaun
766 357 796 411 a.
811 358 831 425 1,
847 363 871 410 e.
1176 358 1219 422 29

304 508 337 568 et
360 504 467 568 ridens
489 490 544 567 Ioc
566 524 582 566 s
605 505 638 565 et
661 500 750 565 Sales
773 498 916 585 protervi
929 497 1137 581 lauh„

301 592 421 676 adsint,
444 590 521 655 dum
542 614 559 655 r
578 590 646 663 fero
670 590 755 655 diem
780 590 910 655 beatum

300 681 378 745 laeti
402 680 545 745 Caesaris
568 678 755 764 ebriamque
778 679 932 762 †parcen.

368 769 422 834 vix
445 770 571 834 Aurora
593 790 693 832 novos
716 768 867 832 movebat
890 772 990 852 ortus,

301 859 366 922 iam
389 858 501 923 belle'
545 856 630 920 linea
652 856 810 940 pluebant
1053 872 1150 974 ΜΛ,
1188 875 1220 922 10

301 985 343 994 -
367 880 580 1011 11ch
601 945 733 1009 veniens
756 944 900 1029 profudit
921 930 1095 1009 eurus&
1156 942 1161 955 ¹

301 1035 453 1121 quicquid
475 1035 585 1099 nobile
603 1032 749 1098 Ponticis
766 1033 900 1118 anoctis,

293 1124 445 1204 ,fecundis
468 1123 553 1188 cadit
576 1125 632 1186 ant
655 1122 741 1208 iugis
763 1121 902 1208 Idymes3

302 1214 388 1298 quod
410 1213 507 1276 ramis
530 1211 585 1295 pia
608 1211 780 1314 germinat)
792 1212 977 1295 Damascos,
1025 1252 1032 1266 ³

302 1306 335 1366 et
359 1302 444 1386 quod
467 1301 639 1384 percoquit
661 1300 819 1388 *saepq‘gia
843 1298 976 1384 Caunos,
1006 1272 1102 1389 Ψ(
1189 1317 1221 1365 15

299 1390 400 1475 largis
422 1389 601 1475 gratuitum
624 1388 867 1473 cadit21apinis3
1017 1376 1029 1431 l

300 1479 414 1543 molles
438 1478 537 1562 gaioli
560 1464 792 1561 lucubtullqua
822 1444 975 1542 Φάων

300 1571 334 1631 et
356 1557 646 1650 massislmerina
667 1589 733 1631 non
757 1565 898 1650 perustis

303 1661 336 1720 et
359 1660 542 1721 mustaceus
564 1655 741 1719 et‘latente
764 1655 872 1739 palma

301 1748 494 1831 praegnates
518 1743 697 1828 caryotides
720 1744 886 1808 cadebant.

300 1856 367 1899 non
389 1833 490 1897 tantis
512 1832 603 1916 Hyas
625 1832 772 1896 inserena
794 1831 915 1895 nimbis

301 1926 403 1987 terras
426 1920 536 1986 obruit
558 1925 614 1984 aut
638 1920 744 1984 soluta
765 1920 861 2003 Plias,

304 2010 408 2095 qualis
431 2032 490 2094 per
512 2031 630 2073 cuneos
652 2008 756 2073 hiems
779 2008 914 2073 Latino&

301 2099 432 2184 plebem
453 2097 609 2185 grandine
632 2096 779 2171 contudit
803 2118 922 2161 serena.

301 2188 396 2252 ducat
417 2187 531 2252 nubila
553 2185 700 2271 Iuppiter
722 2208 782 2269 per
804 2186 917 2251 orbem

303 2281 336 2341 et
357 2276 433 2341 latis
456 2275 582 2362 pluvias
605 2275 747 2340 minetur
769 2274 865 2361 agris,

301 2366 377 2430 dum
399 2365 501 2431 nostri
524 2363 610 2429 Iovis
631 2364 674 2429 ht
689 2364 836 2429 ferantur
858 2364 986 2429 imbres.

370 2476 441 2518 ecce
464 2460 573 2519 autem
595 2475 706 2520 caveas
729 2454 820 2518 subit
842 2475 901 2536 per
923 2452 1028 2519 omnis

302 2542 439 2628 insignis
462 2543 581 2628 specie,
605 2543 718 2607 decora
742 2543 830 2607 cultu

284 2774 300 2821 8
318 2784 434 2838 parcen:
460 2769 533 2822 loeas
551 2770 798 2836 desperatissimos:
826 2772 936 2823 noctem
956 2770 1018 2823 th.
1041 2770 1222 2823 Thomcoacs:

211 2838 332 2893 heorten
350 2839 493 2893 Krotaice
510 2845 536 2892 et
554 2839 707 2904 Sostieaus:
726 2856 826 2908 pacem
845 2856 870 2907 ς,
889 2840 942 2894 alii
960 2842 1020 2893 alia
1096 2844 1111 2891 9
1131 2855 1223 2892 move-

213 2910 265 2964 bat
283 2927 321 2964 m:
340 2909 463 2963 vovebat
542 2914 575 2961 10
594 2908 714 2963 bellaria
732 2926 762 2968 ςι
780 2908 899 2963 vellaria
970 2909 1046 2963 linea
1064 2916 1109 2979 (ω
1127 2910 1222 2976 borea)

286 2986 318 3033 11
337 2979 463 3050 profudit
482 2981 505 3049 (t
522 2980 586 3034 cdd.
610 2996 696 3049 supra
722 2999 747 3035 o.
766 2983 802 3050 ιιι)
873 2980 1082 3035 leous1¹ia
1099 2998 1151 3051 my.

215 3057 248 3105 12
269 3050 406 3119 Quitquid
478 3056 511 3103 13
525 3049 646 3119 idymes:
665 3050 794 3105 hidumes
808 3069 833 3104 ιι
907 3056 939 3105 15
959 3052 1034 3120 quod
1048 3068 1077 3110 ςι
1097 3068 1152 3120 quo

213 3121 330 3177 aebosia
357 3138 473 3177 caunos:
502 3124 634 3175 aestuosa
661 3120 783 3190 (ebriosa
806 3122 920 3192 Walter)
945 3122 1053 3176 Caunos
1081 3124 1222 3191 Imboltos:

212 3194 325 3248 Ebosea
353 3192 462 3247 Caunos
490 3211 552 3248 cam
583 3195 636 3248 alii
661 3200 719 3248 tum
752 3193 881 3249 Vollmer:
909 3194 991 3247 arbor
1022 3192 1093 3247 Inda
1120 3210 1223 3248 cannas

214 3267 340 3320 Ellisias
424 3270 456 3319 16
484 3263 562 3318 cadit
588 3281 617 3323 ςι
646 3264 729 3317 cadet
816 3272 848 3318 17
876 3264 976 3335 gaioli:
1005 3264 1109 3319 caseoli
1136 3283 1152 3321 ς

214 3335 412 3405 luguntulique
512 3340 544 3388 18
576 3334 690 3391 massis:
730 3334 822 3405 passis
863 3336 900 3391 D.
928 3336 1063 3391 Heinsius
1161 3351 1223 3405 per·

214 3406 287 3461 ustis
306 3424 335 3465 ez
363 3408 494 3476 perustus
582 3413 614 3461 19
633 3423 795 3460 muscaoeus
886 3412 919 3461 20
937 3407 1121 3479 Praegnates:
1144 3422 1224 3476 prae·
1294 3411 1296 3416 ’

213 3498 336 3564 girantes
353 3497 435 3568 culpo
506 3494 665 3565 caryotides
683 3511 713 3553 s:
732 3480 880 3550 cariafides
969 3501 1003 3549 23
1022 3494 1127 3564 qualis:
1146 3494 1224 3565 quali

212 3566 400 3622 Marklaadcs
495 3573 530 3619 24
548 3566 707 3626 contudits
725 3568 881 3623 Krolmice:
903 3566 1046 3622 concedit:
1066 3566 1223 3624 concutite

266 3654 363 3691 serena
379 3638 524 3693 Heinsius:
544 3654 671 3692 serenam
751 3644 785 3692 26
804 3637 883 3693 latis:
910 3638 994 3691 lactis
1019 3638 1166 3694 Mosellae

213 3714 246 3761 27
266 3708 308 3764 hi:
336 3708 382 3761 hic
405 3709 625 3766 Waclasmatbius
696 3714 729 3762 29
749 3709 841 3778 speeie
860 3725 888 3768 s:
908 3708 1015 3777 species
