2925 4192
248 394 291 458 56
601 393 631 447 P.
650 392 774 447 PAPINI
793 391 909 447 STATII

253 538 364 604 iniecit
386 560 488 603 nexus
512 537 699 621 carpsitque
722 536 857 601 immitis
880 536 1001 599 adunca

252 650 308 692 ora
331 627 468 691 verenda
490 649 595 691 manu.
643 625 758 709 quinto
781 626 836 689 rix
858 624 1067 709 Phosphoros
1091 628 1164 689 ortu

254 721 416 781 rorantem
439 715 605 780 sternebat
629 737 759 799 equum:
783 713 848 778 iam
870 714 968 778 litora
991 713 1062 778 duri
1226 716 1261 777 80

254 827 357 891 saeva,
378 804 515 889 Phileto,
538 803 633 889 senis,
657 805 837 887 durumque
859 800 1044 867 Acheronta
1066 802 1209 886 videbas,

252 916 315 978 quo
339 893 461 958 domini
484 893 620 957 clamate
643 894 736 957 sono!
771 914 837 956 non
860 892 986 956 saevius
1009 894 1098 956 atros

250 982 411 1068 nigrasset
434 982 566 1066 planctu
590 982 740 1068 genetrix
763 980 826 1045 tibi
849 1002 943 1045 saeva
965 981 1111 1065 lacertos

251 1093 310 1135 nec
331 1074 438 1155 pater3
462 1074 494 1135 et
518 1073 603 1135 certe
628 1070 683 1154 qui
706 1069 788 1133 vidit
811 1070 924 1133 funera
946 1070 1046 1134 frater

252 1159 382 1225 erubuit
405 1159 499 1224 vinci.
546 1160 602 1223 sed
624 1180 683 1223 nec
706 1158 831 1223 servilis
855 1158 1004 1242 adempto
1230 1174 1264 1222 85

251 1248 349 1335 ignis:
375 1248 552 1312 odoriferos
576 1247 724 1312 exhausit
747 1248 875 1311 flamma
898 1245 1038 1311 Sabaeos

253 1341 286 1401 et
309 1336 445 1401 Cilicum
467 1358 597 1421 messes,
619 1336 820 1420 Phariaeque
843 1339 992 1420 exempta
1013 1336 1136 1401 volucri

252 1426 401 1491 cinnama
424 1428 457 1489 et
477 1423 612 1509 Assyrio
635 1429 801 1488 manantes
824 1424 969 1510 gramine
992 1446 1085 1489 sucos

254 1519 287 1579 et
311 1514 432 1579 domini
455 1515 564 1578 fletus:
588 1513 647 1577 hos
670 1516 798 1577 tantum
820 1512 955 1577 hausere
978 1513 1114 1599 favillae,
1383 1566 1384 1581 a

251 1605 312 1667 hos
334 1602 422 1667 bibit
443 1610 551 1686 usque
569 1624 680 1687 rogus3
703 1623 762 1666 nea
786 1602 871 1686 quod
894 1602 957 1665 tibi
980 1601 1067 1667 Setia
1090 1625 1186 1667 canos
1231 1620 1265 1667 90
1375 1603 1384 1663 ᾖ

253 1691 406 1756 restinxit
428 1690 558 1777 cineres,
581 1690 704 1777 gremio
727 1712 787 1755 nec
808 1690 953 1755 lubricus
977 1714 1048 1755 ossa

259 1781 346 1864 quod
368 1779 500 1844 vallavit
523 1802 618 1864 onyx,
640 1780 766 1845 miseris
789 1779 950 1865 acceptius
973 1781 1096 1845 umbris

258 1891 354 1953 quam
364 1868 512 1955 gemitus.
528 1870 635 1933 sed—
644 1873 677 1933 et
686 1869 755 1954 ipse
765 1869 854 1933 iuvat
865 1906 907 1915 —
918 1869 995 1952 quid
1004 1873 1096 1956 terga
1106 1870 1217 1956 dolori,

254 1957 348 2045 Urse‚
371 1958 505 2023 damus?
530 1958 607 2042 quid
631 1958 746 2023 damna
769 1958 858 2023 foves
882 1961 914 2021 et
936 1961 1065 2042 pectore
1088 1959 1200 2043 iniquo

255 2046 372 2112 vulnus
399 2046 508 2112 amas?
540 2046 598 2111 ubi
620 2051 698 2111 nota
721 2046 784 2111 reis
807 2045 956 2111 facundia
977 2047 1102 2131 raptis?
1233 2064 1268 2112 95
1383 2016 1384 2087 }

259 2136 336 2221 quid
360 2158 465 2199 caram
488 2135 611 2200 crucias
634 2139 701 2199 tam
724 2134 827 2199 saevis
849 2134 994 2199 luctibus
1016 2135 1186 2200 umbram?

256 2224 393 2288 eximius
416 2224 493 2287 licet
515 2222 570 2287 ille
593 2223 692 2287 animi
715 2224 912 2308 meritusque
935 2223 1048 2288 doleri:

258 2311 390 2377 solvisti.
436 2311 525 2375 subit
547 2312 603 2376 ille
625 2312 697 2395 pios
720 2312 886 2396 carpitque
910 2312 1051 2396 quietern

255 2398 403 2483 Elysiam
427 2399 591 2484 clarosque
614 2399 681 2463 illic
704 2400 840 2464 fortasse
862 2405 1013 2485 parentes

256 2486 394 2572 invenit3
419 2490 476 2551 aut
497 2487 546 2551 illi
569 2510 627 2573 per
649 2511 783 2553 amoena
805 2489 933 2553 silentia
955 2489 1074 2555 Lethes
1216 2508 1269 2555 100

254 2578 364 2642 forsan
386 2575 563 2641 Avernales
586 2577 743 2642 adludunt
766 2578 906 2662 undique
928 2578 1049 2644 mixtae

254 2666 384 2752 Naides,
408 2665 606 2751 obliquoque
628 2670 722 2731 notat
744 2666 937 2751 Proserpina
960 2668 1060 2732 vultu.

254 2778 349 2842 pone,
370 2778 492 2840 precor,
516 2759 662 2839 questus3
687 2755 786 2819 alium
810 2755 872 2819 tibi
895 2754 976 2820 Pata
998 2756 1160 2841 Philoton,

326 3043 359 3091 78
377 3054 480 3092 nexus:
499 3053 572 3091 nexu
591 3037 774 3092 schwartzius
853 3040 884 3089 79
904 3036 1002 3105 quinto
1021 3036 1069 3091 vix
1087 3036 1265 3107 Phosphoros

256 3112 319 3163 ortu
338 3109 483 3164 Schrader:
504 3107 603 3176 quinta
621 3106 669 3161 vix
687 3107 809 3161 fossores
828 3105 956 3175 (fosforos
974 3108 1040 3163 inda
1058 3110 1123 3176 fecit
1141 3126 1179 3177 m,
1197 3125 1268 3179 quac

255 3188 280 3236 ct
306 3181 428 3250 marpirri
453 3180 600 3248 adscripsit
627 3179 785 3248 φώεφορος)
812 3176 881 3231 hora
908 3180 967 3247 (boc
992 3180 1114 3247 defendit
1137 3180 1266 3249 Poisirr):

255 3250 355 3320 quinta
373 3268 397 3303 v.
411 3250 462 3305 Ph.
481 3266 530 3304 ora
548 3249 667 3305 Vollmer
769 3254 802 3302 81
823 3247 990 3317 durumque:
1010 3248 1156 3319 dirumque
1170 3250 1268 3305 Mark-

255 3323 357 3377 iandas
428 3326 462 3375 82
482 3323 569 3375 atros:
589 3322 650 3374 atro
670 3320 788 3376 Vciiracr
806 3322 942 3401 quondam
1022 3326 1056 3374 83
1075 3320 1209 3391 nigraes&
1226 3338 1268 3376 rc-

251 3394 335 3464 pctiii
351 3410 378 3445 n
395 3394 428 3447 ia
444 3411 496 3464 my.
568 3390 623 3444 tibi
641 3407 739 3447 saeva:
759 3390 814 3445 sibr
833 3407 918 3445 saeva
936 3408 966 3451 a:
994 3391 1049 3447 tibi
1067 3391 1147 3447 salva
1161 3393 1269 3447 Poietcr

330 3463 455 3532 eoquod
471 3479 582 3531 s=quoz
602 3477 674 3530 qnae
689 3462 834 3517 Krobaias
888 3461 965 3517 Setia
980 3480 1008 3523 ςε
1029 3463 1115 3518 sestia
1169 3468 1203 3517 93
1217 3463 1268 3517 sed

256 3534 363 3605 etipse
381 3534 478 3589 iuvat?
496 3535 615 3589 Poletcr:
635 3532 685 3587 red
703 3534 732 3587 et
750 3533 811 3603 ipse
829 3532 909 3587 iubet
926 3535 1016 3604 (vetat
1029 3535 1268 3603 Lundstrccraias)

256 3624 337 3662 anca.
366 3605 501 3679 dottam:
532 3622 585 3659 nec
611 3606 641 3658 et
667 3603 728 3674 ipse
751 3604 832 3658 iurat
857 3604 1038 3661 schwartzius
1109 3604 1192 3674 quid:
1220 3603 1269 3658 hic

256 3676 357 3732 melius
372 3676 441 3745 quin
453 3696 480 3731 m
497 3679 530 3732 ia
541 3694 593 3747 my.
653 3681 686 3729 99
706 3675 865 3744 clarosque:
885 3692 1018 3744 carosque
1036 3676 1205 3732 Bernartius

257 3754 308 3803 100
326 3748 371 3803 illi
390 3765 419 3808 ςε
437 3747 496 3804 illic
566 3754 616 3803 101
635 3746 790 3801 Avernales
810 3761 839 3803 3:
858 3748 984 3802 vernales
1042 3752 1092 3800 103
1110 3746 1219 3816 pileton
