2925 4192
223 360 287 423 142
566 361 597 415 P.
615 358 738 413 PAPINI
757 358 875 413 STATII

224 510 257 570 et
279 504 442 570 Senonum
463 504 564 569 furias
586 504 697 569 Latiae
720 525 885 587 sumpsere
909 502 1065 567 cohortes.

223 594 278 659 vix
301 593 428 677 requies
450 594 597 658 fiammae
619 592 756 658 necdum
779 613 878 677 rogus
900 590 955 655 ille
979 591 1111 657 deorum

224 683 356 767 siderat,
379 680 494 746 excisis
516 704 589 746 cum
611 687 649 745 tu
672 680 790 745 solacia
812 680 944 764 templis
1180 698 1233 745 200

224 770 364 856 impiger
387 774 419 834 et
441 770 524 834 mult
510 773 581 833 tum
604 769 728 833 facibus
751 768 922 833 velocior
913 768 994 852 rpsis

224 857 365 924 concinis
388 880 442 923 ore
466 858 521 941 pio
545 857 736 942 captivaque
759 857 895 921 fulmina
918 857 1023 921 defles

223 947 382 1012 mirantur
402 946 489 1010 Latii
512 968 661 1030 proceres
683 946 834 1030 ultorque
858 946 989 1011 deorum

225 1035 348 1120 Caesar,
371 1039 404 1099 et
427 1057 445 1099 e
390 1035 573 1099 medio
596 1035 705 1099 divum
728 1039 822 1118 pater
844 1034 957 1098 annuit
979 1033 1057 1120 igni.

224 1125 352 1210 iamque
375 1128 408 1188 et
430 1126 506 1189 flere
530 1123 586 1209 pio
608 1122 772 1189 Vesuvina
794 1122 941 1188 incendia
963 1126 1059 1187 cantu
1182 1140 1233 1188 aco
1293 1190 1298 1199 ,

224 1217 406 1279 manserat
429 1217 462 1277 et
484 1212 642 1300 gemitum
664 1211 781 1297 patriis
803 1211 987 1295 impendere
1011 1211 1149 1295 damnis,

225 1325 297 1367 cum
320 1305 414 1386 pater
436 1305 623 1385 exemptum
645 1300 741 1365 terris
764 1300 805 1363 ad
827 1300 930 1365 sidera
952 1303 1095 1364 montem

225 1390 412 1456 sustulitet
398 1390 500 1453 tlate
522 1389 657 1454 miseras
678 1388 825 1453 deiecit
816 1412 851 1453 m
873 1389 978 1453 urbes

224 1502 275 1544 me
299 1500 426 1563 quoque
448 1478 574 1544 vocales
595 1479 686 1543 lucos
708 1477 812 1542 Boeot
797 1480 894 1561 taque
917 1480 1025 1560 tempe

224 1568 421 1652 pulsantem,
444 1589 517 1631 cum
540 1567 641 1651 stirpe
664 1570 726 1629 tua
744 1566 933 1630 descendere
956 1565 1037 1651 dixi,
1181 1583 1232 1632 210

224 1655 379 1720 admisere
403 1655 492 1740 deae;
514 1677 573 1720 nec
595 1656 682 1719 enim
703 1654 784 1718 mihi
807 1654 911 1719 sidera
932 1616 1060 1719 tantuin

224 1766 426 1829 aequoraque
449 1748 482 1807 et
504 1747 620 1829 terras,
644 1765 725 1828 quae
748 1766 818 1808 mos
841 1743 957 1808 debere
980 1744 1121 1828 parenti,

224 1832 280 1898 sed
298 1833 393 1897 decus
411 1832 473 1897 hoc
491 1834 713 1917 quodcumque
731 1832 820 1916 lyrae
839 1831 1025 1916 primusque
1044 1831 1160 1897 dedisti

223 1943 290 1986 non
312 1922 445 2007 vulgare
467 1920 557 2005 loqui
581 1924 613 1985 et
635 1922 754 1985 famam
777 1942 906 2004 sperare
930 1921 1085 2004 sepulcro.

225 2009 329 2095 qualis
348 2031 431 2094 eras,
448 2009 561 2074 Latios
577 2009 727 2094 quotiens
746 2032 807 2095 ego
826 2008 964 2073 carmine
982 2013 1090 2093 patres
1181 2025 1233 2075 216

224 2098 397 2163 mulcerem
418 2097 561 2183 felixque
583 2098 633 2162 tui
656 2101 819 2182 spectator
841 2099 966 2162 adesses

224 2186 377 2253 muneris!
400 2187 464 2251 heu
488 2186 575 2271 quali
598 2187 751 2252 confusus
772 2186 889 2272 gaudia
911 2187 990 2250 fletu

223 2279 300 2340 vota
322 2275 458 2360 piosque
480 2280 586 2340 metus
608 2275 695 2340 inter
715 2275 900 2359 laetumque
924 2274 1092 2358 pudorem!

435 2363 442 2376 ·
531 2364 537 2377 '
845 2363 851 2376 ·
880 2363 886 2375 ·
982 2363 988 2376 ·
1084 2363 1090 2376 '
1135 2365 1142 2411 ι

224 2364 791 2536 tatdttplaltetffit
802 2363 1142 2535 aliladllhl'tffiffl‘
1181 2469 1233 2517 ιιι

226 2540 283 2625 qui
305 2540 431 2627 genuit,
453 2540 529 2625 plus
551 2540 622 2625 ipse
644 2540 734 2625 ferit,
756 2540 831 2625 plus
854 2541 947 2605 corde
971 2540 1031 2605 sub
1055 2540 1121 2605 alto

225 2629 380 2714 caeditur,
403 2629 574 2696 attendunt
596 2629 702 2715 cunei,
724 2633 890 2713 spectatur
911 2627 1049 2693 Achaeis

227 2717 282 2782 ille
305 2718 422 2805 magis,
445 2720 557 2784 erebro
581 2719 657 2783 dum
679 2717 802 2781 lumina
824 2717 966 2802 pulveris
988 2718 1106 2782 haustu

225 2807 335 2873 obruit
358 2812 390 2872 et
413 2830 529 2892 prensa
551 2812 646 2873 vovet
668 2806 816 2891 expirare
839 2827 963 2871 corona.

226 2896 256 2960 ei
274 2896 355 2961 mihi
374 2897 460 2982 quod
477 2901 604 2962 tantum
623 2895 746 2981 patrias
765 2917 825 2981 ego
845 2894 962 2959 vertice
980 2894 1109 2959 frondes
1180 2911 1231 2959 aaa

226 2984 357 3067 solaque
381 2984 579 3051 Chalcidicae
603 2982 745 3051 Cerealia
767 2984 851 3048 dona
873 3005 1007 3048 coronae

225 3077 258 3135 te
281 3073 342 3136 sub
366 3077 449 3136 teste
471 3073 545 3137 tuli!
583 3074 710 3156 qualem
731 3077 765 3137 te
788 3071 956 3137 Dardanus
977 3070 1082 3137 Albae

298 3284 348 3334 199
368 3280 535 3342 deorumst
569 3283 687 3337 duorum
793 3288 843 3336 207
863 3285 941 3337 mont
943 3300 1034 3342 ems:
1067 3285 1161 3336 monte

226 3356 277 3405 202
296 3351 457 3420 Boeotaque
484 3354 635 3409 Baehrens.
664 3351 798 3422 biotaque
826 3354 917 3422 (facile
945 3355 1044 3409 letter
1070 3353 1230 3423 lucosque)-

224 3422 348 3491 Inoaque
366 3423 481 3492 Polster,
503 3425 555 3480 olii
572 3426 631 3480 alec
719 3430 771 3478 212
790 3440 862 3492 quae
884 3440 945 3478 mos
964 3354 1218 3481 lsrohoe'usz)
1147 3439 1232 3492 quam

225 3510 275 3547 vos
301 3495 400 3563 (heum
426 3512 511 3563 omre,
535 3497 583 3551 aed
604 3512 709 3565 parum
735 3497 851 3562 feliciter
877 3497 930 3550 olii
955 3497 1161 3566 temptauerunt)

226 3569 278 3616 212
296 3564 381 3620 decus
400 3568 424 3636 (ι
442 3583 476 3621 ea
491 3584 518 3618 m
533 3567 584 3638 11¹)
637 3570 689 3619 215
708 3582 770 3619 eras
790 3571 814 3635 (s
828 3566 952 3636 extw)
1023 3571 1074 3621 218
1088 3565 1231 3621 Votanl:

226 3633 302 3689 Nota
386 3641 437 3689 219
456 3638 521 3691 tune
539 3638 708 3693 Politianus:
727 3654 790 3691 mua
879 3643 931 3691 222
950 3636 1070 3691 Achaeis
1085 3636 1232 3707 Imtofius·

225 3703 340 3759 achates
413 3711 464 3760 223
482 3707 630 3762 haustus:
652 3707 748 3760 hausti
820 3713 871 3760 226
890 3707 1062 3763 calehidicae
1081 3701 1196 3763 cerialia
