2925 4192
211 368 273 431 116
559 365 589 421 P.
609 365 731 419 PAPlNI
751 364 867 419 STATII

205 511 297 576 cuius
319 511 422 576 adhuc
444 510 606 576 volucrem
628 511 719 574 laeva
742 509 862 574 cervice
886 510 1047 574 sedentem

205 598 382 684 respiciens
404 599 520 664 blande
543 598 622 663 felix
644 598 789 663 Eumelis
811 598 936 683 adorat,

206 693 320 775 tuque,
343 688 463 753 Actaea
486 685 594 770 Ocres,
618 708 713 751 cursu
737 687 787 751 cui
812 709 938 771 semper
960 688 1074 752 anhelo
1182 706 1220 753 50·

206 778 346 858 votivam
370 776 461 841 taciti
484 798 672 860 quassamus
693 775 843 859 lampada
866 780 1003 861 mystae,

208 870 241 930 et
263 887 334 951 vos,
356 864 569 949 Tyndaridae,
595 886 676 948 quos
697 886 764 929 non
785 865 945 930 horrenda
966 864 1107 951 Lycurgi

207 954 353 1041 Taygeta
375 954 609 1036 umbrosaeque
632 953 737 1040 magis
760 952 886 1019 coluere
909 953 1111 1037 Therapnae:

208 1044 270 1108 hos
293 1064 366 1108 oum
387 1043 484 1126 plebe
507 1065 564 1107 sua
586 1040 685 1125 patrii
707 1045 832 1107 servate
855 1045 997 1125 penates.

208 1130 288 1217 sint,
311 1131 366 1215 qui
389 1133 506 1196 fessam
529 1153 606 1195 aevo
629 1130 814 1215 crebrisque
837 1130 1005 1196 laboribus
1027 1132 1142 1195 urbem
1181 1149 1215 1196 55

206 1242 285 1286 voce
304 1220 485 1303 opibusque
504 1220 615 1284 iuvent
632 1219 791 1303 viridique
810 1219 845 1283 in
862 1218 992 1284 nomine
1011 1224 1147 1284 servent.

207 1309 259 1374 his
281 1308 426 1394 placidos
448 1308 577 1394 genitor
598 1330 704 1373 mores
725 1308 916 1394 largumque
939 1307 1079 1373 nitorem

208 1401 366 1463 monstret
385 1419 475 1481 avus,
498 1397 651 1480 pulchrae
670 1396 814 1461 studium
831 1396 963 1461 virtutis
982 1401 1126 1481 uterque.

209 1486 331 1571 quippe
350 1490 383 1549 et
402 1504 480 1569 opes
498 1489 531 1549 et
550 1485 641 1572 origo
660 1485 771 1550 sinunt
789 1486 871 1550 hanc
889 1486 1036 1569 lampade
1055 1486 1159 1569 prima

209 1574 361 1658 patricias
384 1574 503 1638 intrare
526 1574 625 1658 fores,
647 1574 707 1638 hos
729 1574 818 1657 pube
842 1576 902 1639 sub
926 1574 1011 1658 ipsa,
1183 1594 1217 1640 oo

210 1662 238 1727 si
260 1663 355 1727 modo
378 1684 481 1746 prona
504 1662 599 1727 bonis
622 1661 734 1727 invicti
758 1661 902 1728 Caesaris
925 1662 1031 1729 adsint

208 1751 353 1835 numina,
375 1749 524 1816 Romulei
546 1750 645 1815 limen
667 1751 797 1833 pulsare
820 1757 957 1817 senatus.

686 1980 740 2046 IX.

271 2119 598 2176 HENDEOASYIAEABI
615 2119 731 2175 100081
750 2120 799 2174 Ao
818 2119 979 2175 PLOTIUM
998 2119 1159 2178 GRYPUM.

365 2245 426 2310 Est
449 2268 525 2311 sane
548 2246 637 2310 iocus
659 2246 733 2330 iste,
757 2246 843 2329 quod
866 2247 1015 2312 libellum

298 2333 416 2398 misisti
439 2334 533 2420 mihi,
557 2333 681 2418 Grype‚
703 2356 763 2417 pro
786 2334 907 2399 libello.

300 2422 460 2486 urbanum
482 2426 591 2486 tamen
613 2422 674 2487 hoc
697 2426 806 2506 potest
829 2423 944 2509 videri,

302 2509 329 2573 si
353 2510 512 2593 posthoc
535 2510 656 2593 aliquid
678 2510 759 2574 mihi
782 2510 940 2593 remittas;

299 2619 375 2662 nam
398 2598 425 2663 si
448 2597 570 2683 ludere,
593 2597 715 2682 (lappe,
739 2620 935 2685 perseveras,

299 2708 365 2751 non
387 2686 479 2751 ludis.
524 2686 613 2773 licet,
636 2709 721 2771 eece,
745 2692 979 2771 computemus!

299 2779 410 2840 noster
432 2798 615 2860 purpureus
636 2798 802 2861 novusque
826 2778 936 2842 charta

300 2868 333 2929 et
356 2863 442 2929 binis
465 2865 632 2929 decoratus
654 2865 830 2950 umbilicis

300 2956 428 3036 praeter
450 2976 501 3017 me
523 2954 604 3017 mihi
627 2954 773 3018 constitit
796 2953 949 3019 decussis:

283 3149 317 3197 49
336 3143 466 3198 eumeliss
572 3151 606 3198 50
625 3144 731 3199 Actaea
750 3163 775 3199 c:
804 3160 871 3199 acea
940 3166 942 3169 ·
983 3152 1016 3199 52
1035 3146 1065 3215 ly
1118 3146 1148 3215 gi

214 3220 247 3267 53
266 3214 388 3284 Targeta
472 3220 506 3268 54
523 3214 621 3284 patrii:
640 3215 750 3286 patriae
771 3216 925 3272 &ocosias
1010 3222 1043 3271 55
1075 3233 1167 3271 essam
1187 3234 1216 3277 5:

213 3285 318 3340 fossam
394 3290 426 3338 57
445 3284 489 3339 his
507 3285 633 3354 placidos
652 3303 681 3345 ςι
700 3286 751 3339 His
769 3286 911 3355 placidus:
930 3287 981 3342 hos
1000 3288 1128 3358 placidus
1147 3288 1218 3343 Sud-

212 3358 341 3457 luriculasl
433 3360 466 3409 59
484 3354 557 3410 hanc
576 3358 734 3413 Geranios:
753 3356 806 3413 hac
913 3364 946 3413 61
965 3358 1046 3414 bonis
1066 3359 1094 3428 (b
1113 3361 1144 3413 ic
1161 3375 1217 3413 ras.

213 3446 247 3482 cs
264 3445 283 3495 p
301 3430 352 3491 Π)

283 3497 330 3552 IX„
357 3506 1063 3554 arunci-smm1·1ocos1·mmonv·omvu·
1153 3499 1220 3553 4Si

213 3569 278 3637 post
299 3566 352 3622 hoc
376 3566 484 3637 aliquid
506 3567 565 3620 mih
587 3567 667 3637 (mihi
685 3569 726 3621 1²
744 3572 776 3625 ia
798 3574 861 3641 mp.)
885 3571 1027 3628 remittas:
1054 3571 1079 3625 si
1098 3570 1220 3654 posthac

214 3637 293 3690 aliud
309 3638 379 3693 mihi
403 3638 528 3692 remittes
547 3637 681 3694 Heinsius
771 3646 786 3694 7
805 3641 903 3695 cartha
993 3648 1008 3696 8
1027 3640 1168 3696 umbilicis
1188 3658 1233 3701 ss

214 3706 363 3762 umbilicus
435 3714 450 3762 9
470 3708 607 3765 decussis:
627 3709 736 3765 decussi
755 3712 897 3768 Taoaebus
