<?xml version="1.0" encoding="UTF-8"?>
<!DOCTYPE html PUBLIC "-//W3C//DTD XHTML 1.0 Transitional//EN"
    "http://www.w3.org/TR/xhtml1/DTD/xhtml1-transitional.dtd">
<html xmlns="http://www.w3.org/1999/xhtml" xml:lang="en" lang="en">
 <head>
  <title>
</title>
<meta http-equiv="Content-Type" content="text/html;charset=utf-8" />
  <meta name='ocr-system' content='tesseract 3.04.00' />
  <meta name='ocr-capabilities' content='ocr_page ocr_carea ocr_par ocr_line ocrx_word'/>
</head>
<body>
  <div class='ocr_page' id='page_1' title='image "./opera00statgoog_0104.png"; bbox 0 0 2925 4192; ppageno 0'>
   <div class='ocr_carea' id='block_1_1' title="bbox 555 354 1214 421">
    <p class='ocr_par' dir='ltr' id='par_1_1' title="bbox 555 354 1214 421">
     <span class='ocr_line' id='line_1_1' title="bbox 555 354 1214 421; baseline -0.006 -11"><span class='ocrx_word' id='word_1_1' title='bbox 555 354 741 410; x_wconf 80' lang='lat' dir='ltr'><strong>SILVARUM</strong></span> <span class='ocrx_word' id='word_1_2' title='bbox 759 355 788 409; x_wconf 88' lang='lat' dir='ltr'><strong>L.</strong></span> <span class='ocrx_word' id='word_1_3' title='bbox 803 354 863 421; x_wconf 84' lang='lat' dir='ltr'><strong>1‚a.</strong></span> <span class='ocrx_word' id='word_1_4' title='bbox 1193 355 1214 419; x_wconf 85' lang='lat'>9</span> 
     </span>
    </p>
   </div>
   <div class='ocr_carea' id='block_1_2' title="bbox 206 498 1226 3154">
    <p class='ocr_par' dir='ltr' id='par_1_2' title="bbox 206 498 1217 587">
     <span class='ocr_line' id='line_1_2' title="bbox 206 498 1217 587; baseline -0.001 -22"><span class='ocrx_word' id='word_1_5' title='bbox 206 502 265 587; x_wconf 84' lang='lat' dir='ltr'><strong>ire,</strong></span> <span class='ocrx_word' id='word_1_6' title='bbox 288 500 391 565; x_wconf 83' lang='lat' dir='ltr'><strong>redire</strong></span> <span class='ocrx_word' id='word_1_7' title='bbox 414 500 529 586; x_wconf 79' lang='lat' dir='ltr'><strong>gradu:</strong></span> <span class='ocrx_word' id='word_1_8' title='bbox 552 500 617 564; x_wconf 87' lang='lat' dir='ltr'><strong>iam</strong></span> <span class='ocrx_word' id='word_1_9' title='bbox 638 522 798 584; x_wconf 80' lang='lat' dir='ltr'><strong>nusquam</strong></span> <span class='ocrx_word' id='word_1_10' title='bbox 821 498 940 564; x_wconf 91' lang='lat' dir='ltr'><strong>ianitor</strong></span> <span class='ocrx_word' id='word_1_11' title='bbox 962 504 1018 564; x_wconf 92' lang='lat' dir='ltr'><strong>aut</strong></span> <span class='ocrx_word' id='word_1_12' title='bbox 1040 499 1093 564; x_wconf 85' lang='lat' dir='ltr'><strong>lex</strong></span> <span class='ocrx_word' id='word_1_13' title='bbox 1182 516 1217 564; x_wconf 79' lang='lat'><strong>35</strong></span> 
     </span>
    </p>

    <p class='ocr_par' dir='ltr' id='par_1_3' title="bbox 206 588 1066 673">
     <span class='ocr_line' id='line_1_3' title="bbox 206 588 1066 673; baseline -0.001 -19"><span class='ocrx_word' id='word_1_14' title='bbox 206 594 268 655; x_wconf 90' lang='lat' dir='ltr'><strong>aut</strong></span> <span class='ocrx_word' id='word_1_15' title='bbox 290 589 402 673; x_wconf 89' lang='lat' dir='ltr'><strong>pudor.</strong></span> <span class='ocrx_word' id='word_1_16' title='bbox 440 588 591 673; x_wconf 84' lang='lat' dir='ltr'><strong>amplexu</strong></span> <span class='ocrx_word' id='word_1_17' title='bbox 613 589 742 653; x_wconf 89' lang='lat' dir='ltr'><strong>tandem</strong></span> <span class='ocrx_word' id='word_1_18' title='bbox 766 588 882 653; x_wconf 88' lang='lat' dir='ltr'><strong>satiare</strong></span> <span class='ocrx_word' id='word_1_19' title='bbox 900 588 1005 673; x_wconf 91' lang='lat' dir='ltr'><strong>petito</strong></span> <span class='ocrx_word' id='word_1_20' title='bbox 1023 626 1066 636; x_wconf 95' lang='lat'><em>-</em></span> 
     </span>
    </p>

    <p class='ocr_par' dir='ltr' id='par_1_4' title="bbox 210 676 1195 853">
     <span class='ocr_line' id='line_1_4' title="bbox 210 676 1195 765; baseline -0.002 -22"><span class='ocrx_word' id='word_1_21' title='bbox 210 678 360 765; x_wconf 80' lang='lat' dir='ltr'><strong>contigiti</strong></span> <span class='ocrx_word' id='word_1_22' title='bbox 375 681 466 742; x_wconf 91' lang='lat' dir='ltr'><strong>-et</strong></span> <span class='ocrx_word' id='word_1_23' title='bbox 489 677 585 743; x_wconf 87' lang='lat' dir='ltr'><strong>duras</strong></span> <span class='ocrx_word' id='word_1_24' title='bbox 607 677 729 761; x_wconf 90' lang='lat' dir='ltr'><strong>pariter</strong></span> <span class='ocrx_word' id='word_1_25' title='bbox 752 676 955 743; x_wconf 78' lang='lat' dir='ltr'><strong>reminiscere</strong></span> <span class='ocrx_word' id='word_1_26' title='bbox 976 682 1096 742; x_wconf 81' lang='lat' dir='ltr'><strong>noctes.</strong></span> <span class='ocrx_word' id='word_1_27' title='bbox 1192 720 1195 727; x_wconf 88' lang='lat'>·</span> 
     </span>
     <span class='ocr_line' id='line_1_5' title="bbox 281 765 1129 853; baseline 0 -22"><span class='ocrx_word' id='word_1_28' title='bbox 281 767 378 853; x_wconf 80' lang='lat' dir='ltr'><strong>digna</strong></span> <span class='ocrx_word' id='word_1_29' title='bbox 402 766 531 851; x_wconf 87' lang='lat' dir='ltr'><strong>quidem</strong></span> <span class='ocrx_word' id='word_1_30' title='bbox 553 787 684 853; x_wconf 84' lang='lat' dir='ltr'><strong>meroes,</strong></span> <span class='ocrx_word' id='word_1_31' title='bbox 707 769 740 829; x_wconf 88' lang='lat' dir='ltr'><strong>et</strong></span> <span class='ocrx_word' id='word_1_32' title='bbox 763 766 791 830; x_wconf 93' lang='lat' dir='ltr'><strong>si</strong></span> <span class='ocrx_word' id='word_1_33' title='bbox 814 765 877 830; x_wconf 93' lang='lat' dir='ltr'><strong>tibi</strong></span> <span class='ocrx_word' id='word_1_34' title='bbox 897 766 978 830; x_wconf 90' lang='lat' dir='ltr'><strong>Iuno</strong></span> <span class='ocrx_word' id='word_1_35' title='bbox 1001 766 1129 832; x_wconf 90' lang='lat' dir='ltr'><strong>labores</strong></span> 
     </span>
    </p>

    <p class='ocr_par' dir='ltr' id='par_1_5' title="bbox 209 854 1042 940">
     <span class='ocr_line' id='line_1_6' title="bbox 209 854 1042 940; baseline -0.004 -18"><span class='ocrx_word' id='word_1_36' title='bbox 209 856 401 940; x_wconf 79' lang='lat' dir='ltr'><strong>Herculeos,</strong></span> <span class='ocrx_word' id='word_1_37' title='bbox 424 854 548 940; x_wconf 75' lang='lat' dir='ltr'><strong>Stygiis</strong></span> <span class='ocrx_word' id='word_1_38' title='bbox 571 858 604 919; x_wconf 90' lang='lat' dir='ltr'><strong>et</strong></span> <span class='ocrx_word' id='word_1_39' title='bbox 626 854 655 919; x_wconf 90' lang='lat' dir='ltr'><strong>si</strong></span> <span class='ocrx_word' id='word_1_40' title='bbox 678 875 866 919; x_wconf 86' lang='lat' dir='ltr'><strong>oonourrere</strong></span> <span class='ocrx_word' id='word_1_41' title='bbox 889 854 1042 920; x_wconf 76' lang='lat' dir='ltr'><strong>monstris</strong></span> 
     </span>
    </p>

    <p class='ocr_par' dir='ltr' id='par_1_6' title="bbox 209 942 1219 1028">
     <span class='ocr_line' id='line_1_7' title="bbox 209 942 1219 1028; baseline -0.002 -19"><span class='ocrx_word' id='word_1_42' title='bbox 209 946 291 1009; x_wconf 82' lang='lat' dir='ltr'><strong>Fata</strong></span> <span class='ocrx_word' id='word_1_43' title='bbox 314 945 435 1028; x_wconf 87' lang='lat' dir='ltr'><strong>darent,</strong></span> <span class='ocrx_word' id='word_1_44' title='bbox 458 943 485 1007; x_wconf 89' lang='lat' dir='ltr'><strong>si</strong></span> <span class='ocrx_word' id='word_1_45' title='bbox 509 942 653 1028; x_wconf 81' lang='lat' dir='ltr'><strong>Cyaneos</strong></span> <span class='ocrx_word' id='word_1_46' title='bbox 675 964 823 1028; x_wconf 79' lang='lat' dir='ltr'>raperere</span> <span class='ocrx_word' id='word_1_47' title='bbox 846 965 906 1028; x_wconf 90' lang='lat' dir='ltr'><strong>per</strong></span> <span class='ocrx_word' id='word_1_48' title='bbox 928 948 1043 1008; x_wconf 88' lang='lat' dir='ltr'><strong>aestus.</strong></span> <span class='ocrx_word' id='word_1_49' title='bbox 1183 960 1219 1007; x_wconf 83' lang='lat'><strong>40</strong></span> 
     </span>
    </p>

    <p class='ocr_par' dir='ltr' id='par_1_7' title="bbox 207 1032 998 1119">
     <span class='ocr_line' id='line_1_8' title="bbox 207 1032 998 1119; baseline -0.001 -22"><span class='ocrx_word' id='word_1_50' title='bbox 207 1034 290 1098; x_wconf 86' lang='lat' dir='ltr'><strong>hano</strong></span> <span class='ocrx_word' id='word_1_51' title='bbox 312 1036 448 1118; x_wconf 89' lang='lat' dir='ltr'><strong>propter</strong></span> <span class='ocrx_word' id='word_1_52' title='bbox 470 1032 554 1096; x_wconf 87' lang='lat' dir='ltr'><strong>tanti</strong></span> <span class='ocrx_word' id='word_1_53' title='bbox 576 1032 690 1096; x_wconf 88' lang='lat' dir='ltr'><strong>Pisaea</strong></span> <span class='ocrx_word' id='word_1_54' title='bbox 712 1032 785 1119; x_wconf 85' lang='lat' dir='ltr'><strong>lega</strong></span> <span class='ocrx_word' id='word_1_55' title='bbox 807 1036 998 1097; x_wconf 87' lang='lat' dir='ltr'><strong>trementem</strong></span> 
     </span>
    </p>

    <p class='ocr_par' dir='ltr' id='par_1_8' title="bbox 208 1119 1066 1205">
     <span class='ocr_line' id='line_1_9' title="bbox 208 1119 1066 1205; baseline -0.002 -18"><span class='ocrx_word' id='word_1_56' title='bbox 208 1144 334 1187; x_wconf 88' lang='lat' dir='ltr'><strong>ourrere</strong></span> <span class='ocrx_word' id='word_1_57' title='bbox 358 1125 390 1185; x_wconf 91' lang='lat' dir='ltr'><strong>et</strong></span> <span class='ocrx_word' id='word_1_58' title='bbox 413 1119 567 1186; x_wconf 84' lang='lat' dir='ltr'>Oenomai</span> <span class='ocrx_word' id='word_1_59' title='bbox 590 1120 739 1185; x_wconf 80' lang='lat' dir='ltr'><strong>fremitus</strong></span> <span class='ocrx_word' id='word_1_60' title='bbox 762 1120 872 1185; x_wconf 89' lang='lat' dir='ltr'><strong>audire</strong></span> <span class='ocrx_word' id='word_1_61' title='bbox 894 1121 1066 1205; x_wconf 91' lang='lat' dir='ltr'><strong>sequentis.</strong></span> 
     </span>
    </p>

    <p class='ocr_par' dir='ltr' id='par_1_9' title="bbox 206 1208 983 1295">
     <span class='ocr_line' id='line_1_10' title="bbox 206 1208 983 1295; baseline -0.004 -19"><span class='ocrx_word' id='word_1_62' title='bbox 206 1233 266 1276; x_wconf 86' lang='lat' dir='ltr'><strong>neo</strong></span> <span class='ocrx_word' id='word_1_63' title='bbox 289 1210 317 1275; x_wconf 93' lang='lat' dir='ltr'><strong>si</strong></span> <span class='ocrx_word' id='word_1_64' title='bbox 339 1210 502 1275; x_wconf 89' lang='lat' dir='ltr'><strong>Dardania</strong></span> <span class='ocrx_word' id='word_1_65' title='bbox 525 1213 638 1295; x_wconf 87' lang='lat' dir='ltr'><strong>pastor</strong></span> <span class='ocrx_word' id='word_1_66' title='bbox 659 1209 848 1275; x_wconf 89' lang='lat' dir='ltr'><strong>temerarius</strong></span> <span class='ocrx_word' id='word_1_67' title='bbox 870 1208 927 1273; x_wconf 89' lang='lat' dir='ltr'><strong>Ida</strong></span> <span class='ocrx_word' id='word_1_68' title='bbox 980 1247 983 1253; x_wconf 90' lang='lat'>·</span> 
     </span>
    </p>

    <p class='ocr_par' dir='ltr' id='par_1_10' title="bbox 208 1296 1134 1384">
     <span class='ocr_line' id='line_1_11' title="bbox 208 1296 1134 1384; baseline -0.003 -20"><span class='ocrx_word' id='word_1_69' title='bbox 208 1299 353 1384; x_wconf 85' lang='lat' dir='ltr'><strong>sedisses,</strong></span> <span class='ocrx_word' id='word_1_70' title='bbox 375 1299 454 1363; x_wconf 89' lang='lat' dir='ltr'><strong>haee</strong></span> <span class='ocrx_word' id='word_1_71' title='bbox 477 1299 561 1364; x_wconf 88' lang='lat' dir='ltr'><strong>dona</strong></span> <span class='ocrx_word' id='word_1_72' title='bbox 583 1298 700 1380; x_wconf 85' lang='lat' dir='ltr'><strong>forent,</strong></span> <span class='ocrx_word' id='word_1_73' title='bbox 721 1319 781 1362; x_wconf 90' lang='lat' dir='ltr'><strong>neo</strong></span> <span class='ocrx_word' id='word_1_74' title='bbox 803 1298 831 1363; x_wconf 91' lang='lat' dir='ltr'><strong>si</strong></span> <span class='ocrx_word' id='word_1_75' title='bbox 854 1296 938 1363; x_wconf 88' lang='lat' dir='ltr'><strong>alma</strong></span> <span class='ocrx_word' id='word_1_76' title='bbox 960 1319 1019 1383; x_wconf 87' lang='lat' dir='ltr'><strong>per</strong></span> <span class='ocrx_word' id='word_1_77' title='bbox 1041 1319 1134 1362; x_wconf 88' lang='lat' dir='ltr'><strong>auras</strong></span> 
     </span>
    </p>

    <p class='ocr_par' dir='ltr' id='par_1_11' title="bbox 208 1386 1219 1561">
     <span class='ocr_line' id='line_1_12' title="bbox 208 1386 1219 1474; baseline -0.003 -21"><span class='ocrx_word' id='word_1_78' title='bbox 208 1393 242 1453; x_wconf 90' lang='lat' dir='ltr'><strong>te</strong></span> <span class='ocrx_word' id='word_1_79' title='bbox 264 1388 375 1473; x_wconf 88' lang='lat' dir='ltr'><strong>potius</strong></span> <span class='ocrx_word' id='word_1_80' title='bbox 396 1409 498 1471; x_wconf 91' lang='lat' dir='ltr'><strong>pensa</strong></span> <span class='ocrx_word' id='word_1_81' title='bbox 519 1387 652 1452; x_wconf 87' lang='lat' dir='ltr'>veheret</span> <span class='ocrx_word' id='word_1_82' title='bbox 672 1386 826 1452; x_wconf 81' lang='lat' dir='ltr'><strong>Tithonia</strong></span> <span class='ocrx_word' id='word_1_83' title='bbox 848 1386 934 1474; x_wconf 84' lang='lat' dir='ltr'><strong>biga.</strong></span> <span class='ocrx_word' id='word_1_84' title='bbox 1182 1402 1219 1452; x_wconf 77' lang='lat'><strong>45</strong></span> 
     </span>
     <span class='ocr_line' id='line_1_13' title="bbox 278 1475 1117 1561; baseline -0.004 -19"><span class='ocrx_word' id='word_1_85' title='bbox 278 1477 334 1542; x_wconf 89' lang='lat' dir='ltr'><strong>sed</strong></span> <span class='ocrx_word' id='word_1_86' title='bbox 356 1498 438 1560; x_wconf 89' lang='lat' dir='ltr'><strong>quae</strong></span> <span class='ocrx_word' id='word_1_87' title='bbox 462 1498 556 1541; x_wconf 89' lang='lat' dir='ltr'><strong>oausa</strong></span> <span class='ocrx_word' id='word_1_88' title='bbox 580 1479 668 1540; x_wconf 88' lang='lat' dir='ltr'><strong>toros</strong></span> <span class='ocrx_word' id='word_1_89' title='bbox 691 1476 887 1561; x_wconf 80' lang='lat' dir='ltr'><strong>inopinaque</strong></span> <span class='ocrx_word' id='word_1_90' title='bbox 911 1475 1029 1561; x_wconf 85' lang='lat' dir='ltr'><strong>gaudia</strong></span> <span class='ocrx_word' id='word_1_91' title='bbox 1050 1475 1117 1539; x_wconf 87' lang='lat' dir='ltr'><strong>vati</strong></span> 
     </span>
    </p>

    <p class='ocr_par' dir='ltr' id='par_1_12' title="bbox 211 1564 1113 1649">
     <span class='ocr_line' id='line_1_14' title="bbox 211 1564 1113 1649; baseline -0.002 -19"><span class='ocrx_word' id='word_1_92' title='bbox 211 1566 345 1631; x_wconf 82' lang='lat' dir='ltr'><strong>attulit?</strong></span> <span class='ocrx_word' id='word_1_93' title='bbox 367 1564 421 1629; x_wconf 90' lang='lat' dir='ltr'><strong>hio</strong></span> <span class='ocrx_word' id='word_1_94' title='bbox 444 1586 583 1649; x_wconf 83' lang='lat' dir='ltr'><strong>meeum,</strong></span> <span class='ocrx_word' id='word_1_95' title='bbox 606 1564 681 1629; x_wconf 89' lang='lat' dir='ltr'><strong>dum</strong></span> <span class='ocrx_word' id='word_1_96' title='bbox 704 1565 830 1629; x_wconf 83' lang='lat' dir='ltr'><strong>fervent</strong></span> <span class='ocrx_word' id='word_1_97' title='bbox 853 1564 980 1649; x_wconf 81' lang='lat' dir='ltr'><strong>agmine</strong></span> <span class='ocrx_word' id='word_1_98' title='bbox 1002 1569 1113 1648; x_wconf 88' lang='lat' dir='ltr'><strong>postes</strong></span> 
     </span>
    </p>

    <p class='ocr_par' dir='ltr' id='par_1_13' title="bbox 211 1653 989 1740">
     <span class='ocr_line' id='line_1_15' title="bbox 211 1653 989 1740; baseline -0.003 -21"><span class='ocrx_word' id='word_1_99' title='bbox 211 1654 356 1737; x_wconf 91' lang='lat' dir='ltr'><strong>atriaque</strong></span> <span class='ocrx_word' id='word_1_100' title='bbox 380 1657 413 1718; x_wconf 86' lang='lat' dir='ltr'><strong>et</strong></span> <span class='ocrx_word' id='word_1_101' title='bbox 436 1653 539 1717; x_wconf 86' lang='lat' dir='ltr'><strong>multa</strong></span> <span class='ocrx_word' id='word_1_102' title='bbox 562 1653 733 1736; x_wconf 85' lang='lat' dir='ltr'><strong>pulsantur</strong></span> <span class='ocrx_word' id='word_1_103' title='bbox 755 1653 868 1718; x_wconf 89' lang='lat' dir='ltr'><strong>limina</strong></span> <span class='ocrx_word' id='word_1_104' title='bbox 889 1653 989 1740; x_wconf 79' lang='lat' dir='ltr'><strong>virga,</strong></span> 
     </span>
    </p>

    <p class='ocr_par' dir='ltr' id='par_1_14' title="bbox 208 1742 1059 1826">
     <span class='ocr_line' id='line_1_16' title="bbox 208 1742 1059 1826; baseline -0.001 -18"><span class='ocrx_word' id='word_1_105' title='bbox 208 1743 276 1826; x_wconf 85' lang='lat' dir='ltr'><strong>hio,</strong></span> <span class='ocrx_word' id='word_1_106' title='bbox 297 1743 398 1807; x_wconf 79' lang='lat' dir='ltr'><strong>Erato</strong></span> <span class='ocrx_word' id='word_1_107' title='bbox 422 1742 571 1825; x_wconf 80' lang='lat' dir='ltr'><strong>iocunda,</strong></span> <span class='ocrx_word' id='word_1_108' title='bbox 595 1742 680 1806; x_wconf 89' lang='lat' dir='ltr'><strong>doee.</strong></span> <span class='ocrx_word' id='word_1_109' title='bbox 716 1747 809 1807; x_wconf 79' lang='lat' dir='ltr'><strong>vacat</strong></span> <span class='ocrx_word' id='word_1_110' title='bbox 832 1746 909 1826; x_wconf 87' lang='lat' dir='ltr'><strong>apta</strong></span> <span class='ocrx_word' id='word_1_111' title='bbox 932 1764 1059 1807; x_wconf 78' lang='lat' dir='ltr'><strong>movere</strong></span> 
     </span>
    </p>

    <p class='ocr_par' dir='ltr' id='par_1_15' title="bbox 210 1829 1221 2006">
     <span class='ocr_line' id='line_1_17' title="bbox 210 1829 1221 1915; baseline -0.004 -18"><span class='ocrx_word' id='word_1_112' title='bbox 210 1829 370 1915; x_wconf 90' lang='lat' dir='ltr'><strong>oolloquia</strong></span> <span class='ocrx_word' id='word_1_113' title='bbox 393 1834 426 1894; x_wconf 91' lang='lat' dir='ltr'><strong>et</strong></span> <span class='ocrx_word' id='word_1_114' title='bbox 449 1830 534 1894; x_wconf 89' lang='lat' dir='ltr'><strong>dooti</strong></span> <span class='ocrx_word' id='word_1_115' title='bbox 556 1834 677 1894; x_wconf 90' lang='lat' dir='ltr'><strong>norunt</strong></span> <span class='ocrx_word' id='word_1_116' title='bbox 699 1830 810 1894; x_wconf 89' lang='lat' dir='ltr'><strong>audire</strong></span> <span class='ocrx_word' id='word_1_117' title='bbox 833 1834 975 1914; x_wconf 88' lang='lat' dir='ltr'><strong>penates.</strong></span> <span class='ocrx_word' id='word_1_118' title='bbox 1186 1845 1221 1893; x_wconf 81' lang='lat'><strong>50</strong></span> 
     </span>
     <span class='ocr_line' id='line_1_18' title="bbox 276 1918 1060 2006; baseline -0.005 -21"><span class='ocrx_word' id='word_1_119' title='bbox 276 1920 369 2006; x_wconf 87' lang='lat' dir='ltr'><strong>forte,</strong></span> <span class='ocrx_word' id='word_1_120' title='bbox 392 1918 531 1983; x_wconf 88' lang='lat' dir='ltr'><strong>serenati</strong></span> <span class='ocrx_word' id='word_1_121' title='bbox 554 1940 617 2002; x_wconf 90' lang='lat' dir='ltr'><strong>qua</strong></span> <span class='ocrx_word' id='word_1_122' title='bbox 640 1922 705 1983; x_wconf 88' lang='lat' dir='ltr'><strong>stat</strong></span> <span class='ocrx_word' id='word_1_123' title='bbox 728 1919 826 2005; x_wconf 84' lang='lat' dir='ltr'><strong>plaga</strong></span> <span class='ocrx_word' id='word_1_124' title='bbox 847 1919 950 1983; x_wconf 89' lang='lat' dir='ltr'><strong>laotea</strong></span> <span class='ocrx_word' id='word_1_125' title='bbox 973 1918 1060 2002; x_wconf 83' lang='lat' dir='ltr'><strong>oaeli,</strong></span> 
     </span>
    </p>

    <p class='ocr_par' dir='ltr' id='par_1_16' title="bbox 209 2006 1185 2091">
     <span class='ocr_line' id='line_1_19' title="bbox 209 2006 1185 2091; baseline -0.004 -18"><span class='ocrx_word' id='word_1_126' title='bbox 209 2010 294 2074; x_wconf 89' lang='lat' dir='ltr'><strong>alma</strong></span> <span class='ocrx_word' id='word_1_127' title='bbox 315 2008 427 2073; x_wconf 84' lang='lat' dir='ltr'><strong>Venus</strong></span> <span class='ocrx_word' id='word_1_128' title='bbox 448 2006 591 2071; x_wconf 79' lang='lat' dir='ltr'><strong>thalamo</strong></span> <span class='ocrx_word' id='word_1_129' title='bbox 615 2007 709 2091; x_wconf 89' lang='lat' dir='ltr'><strong>pulsa</strong></span> <span class='ocrx_word' id='word_1_130' title='bbox 731 2007 826 2071; x_wconf 91' lang='lat' dir='ltr'><strong>modo</strong></span> <span class='ocrx_word' id='word_1_131' title='bbox 849 2010 943 2071; x_wconf 86' lang='lat' dir='ltr'><strong>noete</strong></span> <span class='ocrx_word' id='word_1_132' title='bbox 966 2006 1092 2070; x_wconf 79' lang='lat' dir='ltr'><strong>iacebat</strong></span> <span class='ocrx_word' id='word_1_133' title='bbox 1183 2017 1185 2020; x_wconf 84' lang='grc'><strong>’</strong></span> 
     </span>
    </p>

    <p class='ocr_par' dir='ltr' id='par_1_17' title="bbox 211 2094 897 2183">
     <span class='ocr_line' id='line_1_20' title="bbox 211 2094 897 2183; baseline -0.007 -20"><span class='ocrx_word' id='word_1_134' title='bbox 211 2099 363 2183; x_wconf 84' lang='lat' dir='ltr'><strong>amplexu</strong></span> <span class='ocrx_word' id='word_1_135' title='bbox 387 2096 466 2161; x_wconf 89' lang='lat' dir='ltr'><strong>duro</strong></span> <span class='ocrx_word' id='word_1_136' title='bbox 490 2094 593 2160; x_wconf 80' lang='lat' dir='ltr'><strong>Getici</strong></span> <span class='ocrx_word' id='word_1_137' title='bbox 616 2094 759 2161; x_wconf 87' lang='lat' dir='ltr'><strong>resoluta</strong></span> <span class='ocrx_word' id='word_1_138' title='bbox 782 2094 897 2159; x_wconf 84' lang='lat' dir='ltr'><strong>mariti.</strong></span> 
     </span>
    </p>

    <p class='ocr_par' dir='ltr' id='par_1_18' title="bbox 210 2181 1224 2270">
     <span class='ocr_line' id='line_1_21' title="bbox 210 2181 1224 2270; baseline -0.005 -19"><span class='ocrx_word' id='word_1_139' title='bbox 210 2187 312 2251; x_wconf 73' lang='lat' dir='ltr'><strong>fulera</strong></span> <span class='ocrx_word' id='word_1_140' title='bbox 334 2190 487 2269; x_wconf 87' lang='lat' dir='ltr'><strong>torosque</strong></span> <span class='ocrx_word' id='word_1_141' title='bbox 510 2185 586 2248; x_wconf 91' lang='lat' dir='ltr'><strong>deae</strong></span> <span class='ocrx_word' id='word_1_142' title='bbox 609 2188 756 2249; x_wconf 90' lang='lat' dir='ltr'><strong>tenerum</strong></span> <span class='ocrx_word' id='word_1_143' title='bbox 778 2181 897 2268; x_wconf 89' lang='lat' dir='ltr'><strong>premit</strong></span> <span class='ocrx_word' id='word_1_144' title='bbox 918 2205 1033 2270; x_wconf 80' lang='lat' dir='ltr'><strong>agmen</strong></span> <span class='ocrx_word' id='word_1_145' title='bbox 1050 2181 1224 2267; x_wconf 66' lang='lat' dir='ltr'><strong>Amorum</strong></span> 
     </span>
    </p>

    <p class='ocr_par' dir='ltr' id='par_1_19' title="bbox 211 2272 1222 2362">
     <span class='ocr_line' id='line_1_22' title="bbox 211 2272 1222 2362; baseline -0.004 -23"><span class='ocrx_word' id='word_1_146' title='bbox 211 2276 304 2362; x_wconf 85' lang='lat' dir='ltr'><strong>signa</strong></span> <span class='ocrx_word' id='word_1_147' title='bbox 326 2278 443 2360; x_wconf 90' lang='lat' dir='ltr'><strong>petunt</strong></span> <span class='ocrx_word' id='word_1_148' title='bbox 466 2296 530 2361; x_wconf 92' lang='lat' dir='ltr'><strong>qua</strong></span> <span class='ocrx_word' id='word_1_149' title='bbox 551 2274 634 2338; x_wconf 90' lang='lat' dir='ltr'><strong>ferre</strong></span> <span class='ocrx_word' id='word_1_150' title='bbox 656 2275 752 2357; x_wconf 77' lang='lat' dir='ltr'><strong>faces,</strong></span> <span class='ocrx_word' id='word_1_151' title='bbox 776 2294 857 2357; x_wconf 91' lang='lat' dir='ltr'><strong>quae</strong></span> <span class='ocrx_word' id='word_1_152' title='bbox 880 2276 1012 2356; x_wconf 90' lang='lat' dir='ltr'><strong>peotora</strong></span> <span class='ocrx_word' id='word_1_153' title='bbox 1033 2272 1091 2358; x_wconf 82' lang='lat' dir='ltr'><strong>figi</strong></span> <span class='ocrx_word' id='word_1_154' title='bbox 1187 2287 1222 2335; x_wconf 77' lang='lat'><strong>55</strong></span> 
     </span>
    </p>

    <p class='ocr_par' dir='ltr' id='par_1_20' title="bbox 211 2360 1050 2449">
     <span class='ocr_line' id='line_1_23' title="bbox 211 2360 1050 2449; baseline -0.005 -21"><span class='ocrx_word' id='word_1_155' title='bbox 211 2364 362 2449; x_wconf 89' lang='lat' dir='ltr'><strong>imperet;</strong></span> <span class='ocrx_word' id='word_1_156' title='bbox 384 2386 426 2427; x_wconf 90' lang='lat' dir='ltr'><strong>an</strong></span> <span class='ocrx_word' id='word_1_157' title='bbox 447 2362 543 2427; x_wconf 89' lang='lat' dir='ltr'><strong>terris</strong></span> <span class='ocrx_word' id='word_1_158' title='bbox 566 2361 687 2426; x_wconf 87' lang='lat' dir='ltr'><strong>saevire</strong></span> <span class='ocrx_word' id='word_1_159' title='bbox 710 2383 752 2425; x_wconf 91' lang='lat' dir='ltr'><strong>an</strong></span> <span class='ocrx_word' id='word_1_160' title='bbox 774 2361 867 2425; x_wconf 92' lang='lat' dir='ltr'><strong>malit</strong></span> <span class='ocrx_word' id='word_1_161' title='bbox 890 2361 924 2425; x_wconf 91' lang='lat' dir='ltr'><strong>in</strong></span> <span class='ocrx_word' id='word_1_162' title='bbox 947 2360 1050 2444; x_wconf 86' lang='lat' dir='ltr'><strong>undis,</strong></span> 
     </span>
    </p>

    <p class='ocr_par' dir='ltr' id='par_1_21' title="bbox 213 2449 1049 2517">
     <span class='ocr_line' id='line_1_24' title="bbox 213 2449 1049 2517; baseline -0.005 0"><span class='ocrx_word' id='word_1_163' title='bbox 213 2475 253 2517; x_wconf 89' lang='lat' dir='ltr'><strong>an</strong></span> <span class='ocrx_word' id='word_1_164' title='bbox 277 2452 411 2517; x_wconf 88' lang='lat' dir='ltr'><strong>miseere</strong></span> <span class='ocrx_word' id='word_1_165' title='bbox 434 2452 511 2516; x_wconf 90' lang='lat' dir='ltr'><strong>deos</strong></span> <span class='ocrx_word' id='word_1_166' title='bbox 533 2473 575 2515; x_wconf 91' lang='lat' dir='ltr'><strong>an</strong></span> <span class='ocrx_word' id='word_1_167' title='bbox 597 2451 700 2516; x_wconf 88' lang='lat' dir='ltr'><strong>adhue</strong></span> <span class='ocrx_word' id='word_1_168' title='bbox 722 2472 839 2514; x_wconf 87' lang='lat' dir='ltr'><strong>vexare</strong></span> <span class='ocrx_word' id='word_1_169' title='bbox 861 2449 1049 2515; x_wconf 81' lang='lat' dir='ltr'><strong>Tonantem.</strong></span> 
     </span>
    </p>

    <p class='ocr_par' dir='ltr' id='par_1_22' title="bbox 212 2539 1050 2625">
     <span class='ocr_line' id='line_1_25' title="bbox 212 2539 1050 2625; baseline -0.001 -20"><span class='ocrx_word' id='word_1_170' title='bbox 212 2541 276 2625; x_wconf 91' lang='lat' dir='ltr'><strong>ipsi</strong></span> <span class='ocrx_word' id='word_1_171' title='bbox 299 2540 425 2605; x_wconf 87' lang='lat' dir='ltr'><strong>animus</strong></span> <span class='ocrx_word' id='word_1_172' title='bbox 447 2540 590 2604; x_wconf 90' lang='lat' dir='ltr'><strong>nondum</strong></span> <span class='ocrx_word' id='word_1_173' title='bbox 612 2561 671 2604; x_wconf 89' lang='lat' dir='ltr'><strong>neo</strong></span> <span class='ocrx_word' id='word_1_174' title='bbox 694 2539 782 2604; x_wconf 81' lang='lat' dir='ltr'><strong>sordi</strong></span> <span class='ocrx_word' id='word_1_175' title='bbox 805 2539 869 2603; x_wconf 85' lang='lat' dir='ltr'><strong>fixa</strong></span> <span class='ocrx_word' id='word_1_176' title='bbox 891 2540 1050 2604; x_wconf 88' lang='lat' dir='ltr'><strong>voluntas.</strong></span> 
     </span>
    </p>

    <p class='ocr_par' dir='ltr' id='par_1_23' title="bbox 212 2627 1097 2711">
     <span class='ocr_line' id='line_1_26' title="bbox 212 2627 1097 2711; baseline -0.005 -18"><span class='ocrx_word' id='word_1_177' title='bbox 212 2630 298 2693; x_wconf 83' lang='lat' dir='ltr'><strong>fessa</strong></span> <span class='ocrx_word' id='word_1_178' title='bbox 320 2629 403 2693; x_wconf 81' lang='lat' dir='ltr'><strong>iacet</strong></span> <span class='ocrx_word' id='word_1_179' title='bbox 426 2628 546 2711; x_wconf 88' lang='lat' dir='ltr'><strong>stratis,</strong></span> <span class='ocrx_word' id='word_1_180' title='bbox 569 2628 627 2693; x_wconf 91' lang='lat' dir='ltr'><strong>ubi</strong></span> <span class='ocrx_word' id='word_1_181' title='bbox 650 2628 811 2711; x_wconf 90' lang='lat' dir='ltr'><strong>quondam</strong></span> <span class='ocrx_word' id='word_1_182' title='bbox 834 2628 960 2692; x_wconf 89' lang='lat' dir='ltr'><strong>oonsoia</strong></span> <span class='ocrx_word' id='word_1_183' title='bbox 984 2627 1097 2710; x_wconf 85' lang='lat' dir='ltr'><strong>eulpae</strong></span> 
     </span>
    </p>

    <p class='ocr_par' dir='ltr' id='par_1_24' title="bbox 212 2715 1226 2801">
     <span class='ocr_line' id='line_1_27' title="bbox 212 2715 1226 2801; baseline -0.004 -19"><span class='ocrx_word' id='word_1_184' title='bbox 212 2717 345 2782; x_wconf 87' lang='lat' dir='ltr'><strong>Lemnia</strong></span> <span class='ocrx_word' id='word_1_185' title='bbox 369 2717 527 2801; x_wconf 89' lang='lat' dir='ltr'><strong>deprenso</strong></span> <span class='ocrx_word' id='word_1_186' title='bbox 549 2719 719 2799; x_wconf 90' lang='lat' dir='ltr'><strong>repserunt</strong></span> <span class='ocrx_word' id='word_1_187' title='bbox 741 2715 869 2780; x_wconf 78' lang='lat' dir='ltr'><strong>vinnula</strong></span> <span class='ocrx_word' id='word_1_188' title='bbox 890 2716 983 2780; x_wconf 89' lang='lat' dir='ltr'><strong>leoto.</strong></span> <span class='ocrx_word' id='word_1_189' title='bbox 1189 2730 1226 2778; x_wconf 80' lang='lat' dir='ltr'><strong>so</strong></span> 
     </span>
    </p>

    <p class='ocr_par' dir='ltr' id='par_1_25' title="bbox 213 2802 1095 2889">
     <span class='ocr_line' id='line_1_28' title="bbox 213 2802 1095 2889; baseline -0.005 -20"><span class='ocrx_word' id='word_1_190' title='bbox 213 2806 267 2870; x_wconf 90' lang='lat' dir='ltr'><strong>hio</strong></span> <span class='ocrx_word' id='word_1_191' title='bbox 290 2826 371 2888; x_wconf 91' lang='lat' dir='ltr'><strong>puer</strong></span> <span class='ocrx_word' id='word_1_192' title='bbox 393 2826 411 2868; x_wconf 89' lang='lat' dir='ltr'><strong>e</strong></span> <span class='ocrx_word' id='word_1_193' title='bbox 434 2804 532 2867; x_wconf 91' lang='lat' dir='ltr'><strong>turba</strong></span> <span class='ocrx_word' id='word_1_194' title='bbox 554 2804 729 2889; x_wconf 84' lang='lat' dir='ltr'><strong>voluerum,</strong></span> <span class='ocrx_word' id='word_1_195' title='bbox 753 2804 804 2868; x_wconf 91' lang='lat' dir='ltr'><strong>oui</strong></span> <span class='ocrx_word' id='word_1_196' title='bbox 826 2804 986 2887; x_wconf 90' lang='lat' dir='ltr'><strong>plurimus</strong></span> <span class='ocrx_word' id='word_1_197' title='bbox 1008 2802 1095 2889; x_wconf 79' lang='lat' dir='ltr'><strong>ignis</strong></span> 
     </span>
    </p>

    <p class='ocr_par' dir='ltr' id='par_1_26' title="bbox 214 2890 1064 2977">
     <span class='ocr_line' id='line_1_29' title="bbox 214 2890 1064 2977; baseline -0.005 -19"><span class='ocrx_word' id='word_1_198' title='bbox 214 2915 269 2959; x_wconf 93' lang='lat' dir='ltr'><strong>ore</strong></span> <span class='ocrx_word' id='word_1_199' title='bbox 292 2914 453 2977; x_wconf 87' lang='lat' dir='ltr'><strong>manuque</strong></span> <span class='ocrx_word' id='word_1_200' title='bbox 475 2891 539 2956; x_wconf 84' lang='lat' dir='ltr'><strong>levi</strong></span> <span class='ocrx_word' id='word_1_201' title='bbox 560 2914 736 2975; x_wconf 88' lang='lat' dir='ltr'><strong>numquam</strong></span> <span class='ocrx_word' id='word_1_202' title='bbox 759 2893 914 2955; x_wconf 90' lang='lat' dir='ltr'><strong>frustrata</strong></span> <span class='ocrx_word' id='word_1_203' title='bbox 936 2890 1064 2977; x_wconf 83' lang='lat' dir='ltr'><strong>sagitta,</strong></span> 
     </span>
    </p>

    <p class='ocr_par' dir='ltr' id='par_1_27' title="bbox 214 2980 1021 3070">
     <span class='ocr_line' id='line_1_30' title="bbox 214 2980 1021 3070; baseline -0.004 -24"><span class='ocrx_word' id='word_1_204' title='bbox 214 2981 343 3070; x_wconf 81' lang='lat' dir='ltr'><strong>agmina</strong></span> <span class='ocrx_word' id='word_1_205' title='bbox 367 2981 405 3045; x_wconf 88' lang='lat' dir='ltr'><strong>de</strong></span> <span class='ocrx_word' id='word_1_206' title='bbox 427 2980 534 3044; x_wconf 87' lang='lat' dir='ltr'><strong>medio</strong></span> <span class='ocrx_word' id='word_1_207' title='bbox 556 2984 667 3044; x_wconf 89' lang='lat' dir='ltr'><strong>tenera</strong></span> <span class='ocrx_word' id='word_1_208' title='bbox 689 2980 736 3044; x_wconf 89' lang='lat' dir='ltr'><strong>sio</strong></span> <span class='ocrx_word' id='word_1_209' title='bbox 759 2980 851 3043; x_wconf 88' lang='lat' dir='ltr'><strong>dulae</strong></span> <span class='ocrx_word' id='word_1_210' title='bbox 873 2980 1021 3063; x_wconf 86' lang='lat' dir='ltr'><strong>profatur</strong></span> 
     </span>
    </p>

    <p class='ocr_par' dir='ltr' id='par_1_28' title="bbox 214 3067 1084 3154">
     <span class='ocr_line' id='line_1_31' title="bbox 214 3067 1084 3154; baseline -0.005 -18"><span class='ocrx_word' id='word_1_211' title='bbox 214 3093 291 3136; x_wconf 80' lang='lat' dir='ltr'><strong>vooe</strong></span> <span class='ocrx_word' id='word_1_212' title='bbox 311 3108 353 3117; x_wconf 97' lang='lat'>-</span> <span class='ocrx_word' id='word_1_213' title='bbox 373 3068 551 3154; x_wconf 85' lang='lat' dir='ltr'><strong>pharetrati</strong></span> <span class='ocrx_word' id='word_1_214' title='bbox 574 3090 719 3153; x_wconf 88' lang='lat' dir='ltr'><strong>pressere</strong></span> <span class='ocrx_word' id='word_1_215' title='bbox 744 3067 870 3132; x_wconf 89' lang='lat' dir='ltr'><strong>silentia</strong></span> <span class='ocrx_word' id='word_1_216' title='bbox 892 3068 1008 3133; x_wconf 80' lang='lat' dir='ltr'><strong>fratres</strong></span> <span class='ocrx_word' id='word_1_217' title='bbox 1028 3092 1084 3132; x_wconf 76' lang='grc' dir='ltr'><strong>-ε</strong></span> 
     </span>
    </p>
   </div>
   <div class='ocr_carea' id='block_1_3' title="bbox 289 3278 1153 3403">
    <p class='ocr_par' dir='ltr' id='par_1_29' title="bbox 289 3278 1153 3403">
     <span class='ocr_line' id='line_1_32' title="bbox 289 3278 1153 3403; baseline -0.003 -69"><span class='ocrx_word' id='word_1_218' title='bbox 289 3286 323 3335; x_wconf 77' lang='lat'><strong>35</strong></span> <span class='ocrx_word' id='word_1_219' title='bbox 342 3297 481 3350; x_wconf 88' lang='lat' dir='ltr'><strong>nusquam</strong></span> <span class='ocrx_word' id='word_1_220' title='bbox 499 3279 762 3350; x_wconf 74' lang='lat' dir='ltr'><strong>ge(del.1¹)ianitor</strong></span> <span class='ocrx_word' id='word_1_221' title='bbox 868 3285 901 3332; x_wconf 92' lang='lat'><strong>41</strong></span> <span class='ocrx_word' id='word_1_222' title='bbox 921 3278 1000 3349; x_wconf 87' lang='lat' dir='ltr'><strong>pisea</strong></span> <span class='ocrx_word' id='word_1_223' title='bbox 1018 3298 1055 3333; x_wconf 84' lang='lat' dir='ltr'><strong>m:</strong></span> <span class='ocrx_word' id='word_1_224' title='bbox 1074 3278 1153 3403; x_wconf 75' lang='lat' dir='ltr'><strong>pisca</strong></span> 
     </span>
    </p>
   </div>
   <div class='ocr_carea' id='block_1_4' title="bbox 210 3348 1226 3775">
    <p class='ocr_par' dir='ltr' id='par_1_30' title="bbox 210 3348 1226 3775">
     <span class='ocr_line' id='line_1_33' title="bbox 216 3348 1225 3420; baseline -0.003 -14"><span class='ocrx_word' id='word_1_225' title='bbox 216 3358 249 3407; x_wconf 87' lang='grc'><strong>43</strong></span> <span class='ocrx_word' id='word_1_226' title='bbox 269 3351 342 3406; x_wconf 87' lang='lat' dir='ltr'><strong>Nee:</strong></span> <span class='ocrx_word' id='word_1_227' title='bbox 360 3352 420 3406; x_wconf 87' lang='lat' dir='ltr'><strong>Heo</strong></span> <span class='ocrx_word' id='word_1_228' title='bbox 437 3369 463 3404; x_wconf 89' lang='grc' dir='ltr'><strong>ιιι</strong></span> <span class='ocrx_word' id='word_1_229' title='bbox 552 3356 587 3405; x_wconf 98' lang='grc'><strong>44</strong></span> <span class='ocrx_word' id='word_1_230' title='bbox 604 3367 669 3405; x_wconf 89' lang='lat' dir='ltr'><strong>neo:</strong></span> <span class='ocrx_word' id='word_1_231' title='bbox 694 3350 747 3405; x_wconf 91' lang='lat' dir='ltr'><strong>heo</strong></span> <span class='ocrx_word' id='word_1_232' title='bbox 765 3368 791 3403; x_wconf 89' lang='grc' dir='ltr'><strong>ιιι</strong></span> <span class='ocrx_word' id='word_1_233' title='bbox 880 3355 1073 3420; x_wconf 67' lang='lat' dir='ltr'><strong>repensare</strong></span> <span class='ocrx_word' id='word_1_234' title='bbox 1095 3351 1154 3404; x_wconf 90' lang='lat' dir='ltr'><strong>eret</strong></span> <span class='ocrx_word' id='word_1_235' title='bbox 1173 3348 1225 3404; x_wconf 81' lang='lat' dir='ltr'><strong>Ge·</strong></span> 
     </span>
     <span class='ocr_line' id='line_1_34' title="bbox 215 3420 1223 3494; baseline -0.006 -15"><span class='ocrx_word' id='word_1_236' title='bbox 215 3426 335 3479; x_wconf 65' lang='lat' dir='ltr'><strong>varane:</strong></span> <span class='ocrx_word' id='word_1_237' title='bbox 349 3439 451 3494; x_wconf 87' lang='lat' dir='ltr'><strong>prensa</strong></span> <span class='ocrx_word' id='word_1_238' title='bbox 464 3421 591 3477; x_wconf 69' lang='lat' dir='ltr'><strong>veheretz</strong></span> <span class='ocrx_word' id='word_1_239' title='bbox 605 3438 738 3492; x_wconf 87' lang='lat' dir='ltr'><strong>prensum</strong></span> <span class='ocrx_word' id='word_1_240' title='bbox 752 3423 802 3491; x_wconf 80' lang='lat' dir='ltr'><strong>(sio</strong></span> <span class='ocrx_word' id='word_1_241' title='bbox 814 3423 872 3476; x_wconf 78' lang='lat' dir='ltr'><strong>iam</strong></span> <span class='ocrx_word' id='word_1_242' title='bbox 885 3422 1065 3492; x_wconf 78' lang='lat' dir='ltr'><strong>Parrhasius)</strong></span> <span class='ocrx_word' id='word_1_243' title='bbox 1080 3420 1223 3475; x_wconf 82' lang='lat' dir='ltr'><strong>aveheret:</strong></span> 
     </span>
     <span class='ocr_line' id='line_1_35' title="bbox 216 3491 1154 3552; baseline -0.003 -5"><span class='ocrx_word' id='word_1_244' title='bbox 216 3495 358 3550; x_wconf 71' lang='lat' dir='ltr'><strong>Bostram</strong></span> <span class='ocrx_word' id='word_1_245' title='bbox 463 3499 498 3547; x_wconf 87' lang='grc'><strong>46</strong></span> <span class='ocrx_word' id='word_1_246' title='bbox 516 3492 578 3548; x_wconf 78' lang='lat' dir='ltr'><strong>vati</strong></span> <span class='ocrx_word' id='word_1_247' title='bbox 597 3511 623 3547; x_wconf 90' lang='lat' dir='ltr'><strong>o:</strong></span> <span class='ocrx_word' id='word_1_248' title='bbox 641 3492 716 3547; x_wconf 84' lang='lat' dir='ltr'><strong>vatis</strong></span> <span class='ocrx_word' id='word_1_249' title='bbox 824 3497 858 3546; x_wconf 92' lang='lat'><strong>48</strong></span> <span class='ocrx_word' id='word_1_250' title='bbox 877 3492 977 3547; x_wconf 85' lang='lat' dir='ltr'><strong>limina</strong></span> <span class='ocrx_word' id='word_1_251' title='bbox 996 3511 1024 3552; x_wconf 77' lang='grc' dir='ltr'><strong>ςι</strong></span> <span class='ocrx_word' id='word_1_252' title='bbox 1046 3491 1154 3546; x_wconf 89' lang='lat' dir='ltr'><strong>lumina</strong></span> 
     </span>
     <span class='ocr_line' id='line_1_36' title="bbox 217 3562 1226 3633; baseline -0.004 -14"><span class='ocrx_word' id='word_1_253' title='bbox 217 3570 251 3619; x_wconf 78' lang='lat'><strong>65</strong></span> <span class='ocrx_word' id='word_1_254' title='bbox 270 3582 327 3633; x_wconf 90' lang='lat' dir='ltr'><strong>qua</strong></span> <span class='ocrx_word' id='word_1_255' title='bbox 344 3566 503 3622; x_wconf 65' lang='lat' dir='ltr'><strong>Nouellias:</strong></span> <span class='ocrx_word' id='word_1_256' title='bbox 531 3581 601 3633; x_wconf 88' lang='lat' dir='ltr'><strong>quas</strong></span> <span class='ocrx_word' id='word_1_257' title='bbox 691 3569 725 3617; x_wconf 84' lang='grc'><strong>60</strong></span> <span class='ocrx_word' id='word_1_258' title='bbox 744 3564 893 3633; x_wconf 84' lang='lat' dir='ltr'><strong>deprenso:</strong></span> <span class='ocrx_word' id='word_1_259' title='bbox 922 3563 1074 3633; x_wconf 88' lang='lat' dir='ltr'><strong>deprensae</strong></span> <span class='ocrx_word' id='word_1_260' title='bbox 1091 3562 1226 3617; x_wconf 66' lang='lat' dir='ltr'><strong>Haeduae</strong></span> 
     </span>
     <span class='ocr_line' id='line_1_37' title="bbox 210 3635 1225 3704; baseline -0.005 -14"><span class='ocrx_word' id='word_1_261' title='bbox 210 3702 213 3704; x_wconf 11' lang='grc' dir='ltr'><strong>Α</strong></span> <span class='ocrx_word' id='word_1_262' title='bbox 287 3636 374 3691; x_wconf 83' lang='lat' dir='ltr'><strong>laeto:</strong></span> <span class='ocrx_word' id='word_1_263' title='bbox 392 3636 468 3690; x_wconf 86' lang='lat' dir='ltr'><strong>furto</strong></span> <span class='ocrx_word' id='word_1_264' title='bbox 487 3635 685 3690; x_wconf 68' lang='lat' dir='ltr'><strong>Marmaridas:</strong></span> <span class='ocrx_word' id='word_1_265' title='bbox 705 3638 786 3689; x_wconf 83' lang='lat' dir='ltr'><strong>coetu</strong></span> <span class='ocrx_word' id='word_1_266' title='bbox 804 3636 975 3689; x_wconf 71' lang='lat' dir='ltr'><strong>Bormiae·</strong></span> <span class='ocrx_word' id='word_1_267' title='bbox 1032 3640 1065 3687; x_wconf 79' lang='lat'><strong>62</strong></span> <span class='ocrx_word' id='word_1_268' title='bbox 1084 3647 1225 3700; x_wconf 89' lang='lat' dir='ltr'><strong>manuque</strong></span> 
     </span>
     <span class='ocr_line' id='line_1_38' title="bbox 216 3704 1137 3775; baseline -0.001 -16"><span class='ocrx_word' id='word_1_269' title='bbox 216 3706 286 3761; x_wconf 80' lang='lat' dir='ltr'><strong>levi:</strong></span> <span class='ocrx_word' id='word_1_270' title='bbox 312 3723 469 3775; x_wconf 87' lang='lat' dir='ltr'><strong>manusque</strong></span> <span class='ocrx_word' id='word_1_271' title='bbox 487 3706 544 3761; x_wconf 86' lang='lat' dir='ltr'><strong>levi</strong></span> <span class='ocrx_word' id='word_1_272' title='bbox 562 3706 721 3763; x_wconf 66' lang='lat' dir='ltr'><strong>Marathus:</strong></span> <span class='ocrx_word' id='word_1_273' title='bbox 750 3721 905 3772; x_wconf 82' lang='lat' dir='ltr'><strong>manusque</strong></span> <span class='ocrx_word' id='word_1_274' title='bbox 927 3704 999 3759; x_wconf 82' lang='lat' dir='ltr'><strong>levis</strong></span> <span class='ocrx_word' id='word_1_275' title='bbox 1020 3704 1137 3759; x_wconf 78' lang='lat' dir='ltr'><strong>Oruoeas</strong></span> 
     </span>
    </p>
   </div>
   <div class='ocr_carea' id='block_1_5' title="bbox 0 0 1480 4192">
    <p class='ocr_par' dir='ltr' id='par_1_31' title="bbox 0 0 1480 4192">
     <span class='ocr_line' id='line_1_39' title="bbox 0 0 1480 4192; baseline 0 0"><span class='ocrx_word' id='word_1_276' title='bbox 0 0 1480 4192; x_wconf 95' lang='lat' dir='ltr'><strong> </strong></span> 
     </span>
    </p>
   </div>
  </div>
 </body>
</html>
