2925 4192
244 325 289 389 40
595 325 624 379 Ρ,
641 324 765 379 Pnrlul
783 324 901 379 sanun

217 486 222 501 ⁴
249 468 335 553 quod
358 466 493 533 Oilicum
515 469 620 553 flores,
642 468 728 551 quod
749 490 882 533 munera
904 468 1057 555 graminis
1075 468 1155 556 ludi,
1201 487 1254 535 160

249 556 398 642 quodque
420 555 545 621 Arabes
566 556 740 640 Phariique
762 556 1000 640 Palaestinique
1022 557 1163 643 liquores

249 667 392 710 arsuram
411 644 516 709 lavere
539 645 684 710 comam?
718 644 808 729 cupit
830 645 937 710 omnia
958 646 1041 710 ferre

250 733 405 820 prodigus
428 737 471 798 et.
483 736 572 799 totos
593 733 709 799 Melior
731 734 919 799 succendere
942 755 1064 818 census,

248 823 389 887 desertas
412 844 528 887 exosus
551 844 643 907 opes;
666 822 809 888 sednon
832 822 916 907 capit
938 822 1023 909 ignis

248 910 384 995 invidus,
407 914 504 995 atque
526 915 614 976 artae
636 911 752 975 desunt
773 911 808 977 in
829 932 961 976 munera
983 912 1138 977 fiammae.
1202 930 1254 979 161

248 1000 363 1064 horror
384 999 484 1064 habet
507 1022 626 1065 sensus.
672 1000 799 1083 qualem
821 1004 854 1064 te
876 1000 987 1065 funere
1010 1022 1135 1067 summo

252 1091 348 1173 atque
370 1109 485 1175 rogum
508 1088 608 1173 iuxta,
629 1088 746 1153 Melior
767 1088 980 1172 placidissime
1004 1090 1174 1175 quondam,

255 1176 402 1243 extimui!
433 1182 512 1242 tune
534 1176 723 1242 ille'hilaris
746 1177 907 1262 comisque
929 1176 1051 1243 videri?

251 1266 334 1330 unde
358 1265 456 1330 animi
479 1287 653 1349 saevaeque
675 1287 789 1331 manus
812 1269 845 1329 et
866 1265 1022 1331 barbarus
1044 1267 1166 1354 horror,
1227 1286 1230 1291 ·

251 1354 327 1418 dum
348 1353 444 1418 modo
466 1354 557 1419 fusus
579 1354 670 1418 humi
691 1355 796 1419 lucem
819 1353 972 1419 aversaris
994 1354 1151 1441 iniquam,
1203 1373 1256 1421 170

248 1463 334 1506 nunc
355 1445 468 1507 torvus
490 1442 611 1526 pariter
631 1446 737 1508 vestes
761 1446 799 1507 et
815 1447 947 1526 pectora
969 1444 1090 1529 rumpis

250 1530 447 1615 dilectosque
469 1531 589 1614 premis
610 1531 698 1595 visus
725 1535 758 1595 et
782 1530 899 1617 frigida
921 1531 1038 1597 lambis

250 1619 378 1684 osenla?
415 1622 505 1683 erant
527 1619 594 1684 illic
616 1619 745 1705 genitor
765 1623 930 1704 materque
953 1620 1086 1687 iacentis

248 1711 379 1792 maesta,
402 1707 458 1772 sed
480 1707 613 1773 attoniti
635 1710 668 1771 te
692 1712 876 1792 spectavere
898 1713 1055 1792 parentes.

249 1796 326 1880 quid
344 1795 482 1861 mirumt
505 1796 600 1881 plebs
618 1800 733 1861 crmcta
749 1796 839 1861 nefas
853 1800 886 1861 et
898 1798 1027 1881 praevia
1039 1799 1159 1863 flemmt
1204 1816 1256 1865 1771

249 1884 386 1971 agmina,
407 1884 566 1951 Flaminio
589 1907 678 1971 quae.
693 1885 797 1950 limite
818 1885 958 1950 Molvius
980 1909 1080 1974 agger

249 1973 435 2059 transvehit,
458 1974 637 2040 immeritus
659 1974 797 2039 fiammis
820 1975 896 2040 dum
918 1974 1067 2040 tristibus
1090 1975 1196 2040 infans

249 2062 395 2127 traditur.
433 2067 465 2127 et
487 2063 643 2149 gemitum
666 2063 833 2148 formaque
855 2085 996 2147 aevoque
1019 2067 1174 2129 meretur:

250 2149 326 2215 talis
348 2151 383 2215 in
404 2150 593 2216 Isthmiaeos
615 2151 762 2235 prolatus
784 2151 825 2215 ab
850 2172 987 2235 aequore
1009 2156 1123 2237 portus

249 2239 424 2325 naufragus
447 2239 600 2323 imposita
621 2240 720 2304 iacuit
743 2239 804 2303 sub
827 2243 928 2303 matre
949 2239 1135 2326 Palaem0n3
1203 2257 1257 2306 180

251 2326 298 2391 sic
320 2330 353 2390 et
375 2327 411 2390 in
432 2328 616 2413 anguiferae
638 2326 803 2392 ludentem
824 2327 967 2413 gramine
989 2329 1109 2394 Lernae

253 2414 423 2479 rescissum
444 2415 585 2500 squamis
608 2415 719 2480 avidus
741 2414 828 2480 bibit
850 2415 936 2502 ignis
958 2414 1128 2501 Ophelten.

318 2523 403 2586 pone
424 2507 529 2567 metus
550 2503 686 2587 Letique
707 2503 812 2568 minas
834 2504 951 2571 desiste
974 2506 1088 2571 vereri:

252 2590 345 2656 illum
366 2613 426 2656 nec
447 2595 538 2656 terno
561 2592 695 2656 latrabit
718 2591 875 2658 Cerberus
897 2614 961 2677 ore,

250 2680 342 2746 nulla
364 2702 454 2745 soror
476 2680 622 2767 flammis,
643 2680 733 2745 nulla
756 2681 1003 2768 adsurgentibus
1024 2682 1136 2767 hydris
1204 2698 1258 2747 185
1387 2728 1390 2757 2

253 2768 401 2855 terrebit3
425 2768 505 2853 quin
526 2768 595 2853 ipse
617 2769 728 2835 aridae
751 2775 826 2837 trux
849 2770 957 2835 navita
980 2771 1114 2837 cumbae
1385 2762 1387 2813 l

254 2858 388 2922 interius
411 2858 536 2922 steriles
558 2858 646 2942 ripas
669 2861 701 2923 et
724 2858 838 2923 adusta
860 2860 985 2925 subibit
1057 2921 1059 2927 ,

253 2946 360 3030 litora,
380 2968 422 3010 ne
443 2968 545 3031 puero
568 2947 646 3012 dura
668 2946 846 3013 ascendisse
869 2948 1014 3013 facultas.

324 3178 374 3226 161
406 3172 613 3241 Palaestinique
645 3173 790 3230 &idem
826 3174 922 3245 palam
958 3177 1002 3231 est
1032 3176 1148 3243 vidique

257 3248 308 3297 162
328 3258 435 3297 comam
453 3245 507 3313 (as
525 3245 590 3298 lade
607 3260 675 3299 corr.
693 3244 744 3314 1¹,
762 3262 821 3299 -am
837 3248 957 3302 restituit
972 3248 1009 3317 m)
1088 3252 1139 3301 164
1157 3260 1257 3301 exosus
1385 3236 1390 3309 l

254 3316 347 3385 (puae
364 3331 378 3368 s
395 3316 513 3369 tatewit
529 3314 580 3384 11¹)
643 3320 693 3369 169
711 3315 848 3371 barbarus
865 3335 903 3370 m:
921 3316 1050 3372 barbaris
1114 3316 1254 3371 1711111-

253 3385 312 3441 bis:
329 3384 417 3439 labris
438 3385 499 3441 oro
571 3390 621 3441 176
639 3385 761 3440 Molvius
776 3388 822 3457 (of.
831 3388 949 3443 Iordaoti
961 3390 999 3443 ad
1012 3388 1078 3444 Sall.
1094 3388 1174 3445 datu.
1185 3392 1256 3456 45,1

252 3462 346 3511 aotam
367 3463 393 3512 et
415 3456 493 3511 Lact.
511 3458 607 3511 iastl
615 3460 711 3526 21⁶7:
738 3457 860 3514 Mulvius
880 3460 1009 3515 Vollmerr
1035 3458 1149 3513 Milvius
1168 3476 1185 3519 ς

254 3533 305 3581 178
323 3543 446 3595 aevoque
466 3527 639 3582 Gulielmius:
668 3544 703 3582 ac
720 3544 789 3583 voce
874 3535 924 3583 179
942 3529 1113 3584 isthamacos
1192 3546 1260 3600 pro-
1385 3534 1388 3539 '

252 3598 340 3653 latus:
366 3598 493 3679 prolutus
511 3598 616 3679 Polater
706 3604 757 3653 182
776 3599 850 3668 ignis
874 3601 1056 3657 Koestlim'us:
1085 3600 1185 3682 anguis

254 3675 305 3725 183
323 3670 427 3723 desrste
445 3686 483 3723 m:
506 3668 639 3723 desrstere
713 3674 764 3724 188
784 3670 941 3725 ascendisse
958 3689 997 3727 n:
1025 3671 1185 3727 accendisse
