2925 4192
591 346 621 400 P.
639 346 764 400 PAPINI
782 345 900 400 STATIl

724 544 764 609 V.

387 685 460 739 ODE
478 682 613 739 LYRIOA
630 684 680 737 Al)
700 682 900 738 SEPTIMIUM
919 680 1100 737 SEVERUM.

346 811 442 877 Parvi
465 811 581 876 beatus
603 810 687 876 ruris
709 810 903 894 honoribus,

345 924 408 985 qua
430 900 537 985 prisea
558 900 699 965 Teucros
720 899 808 964 Alba
831 898 910 964 eolit
930 898 1028 984 lares,

390 990 507 1055 fortem
531 994 627 1073 atque
650 988 824 1053 facundum
846 986 998 1053 Severum

432 1100 499 1143 non
520 1078 626 1143 solitis
648 1077 768 1142 fidibus
791 1076 905 1141 saluto.

343 1220 409 1285 iam
427 1150 571 1285 m
593 1218 711 1283 Arctos
731 1218 919 1284 Parrhasias
940 1218 1044 1282 hiems
1104 1240 1106 1246 ·

343 1309 502 1374 concessit
525 1308 599 1373 altis
622 1307 739 1372 obruta
762 1307 899 1391 solibus,

387 1398 454 1461 iam
476 1401 596 1482 pontus
619 1418 656 1460 ae
678 1396 777 1461 tellus
798 1396 946 1461 renident

431 1487 466 1551 in
488 1486 654 1570 Zephyros
676 1484 839 1570 Aquilone
861 1485 973 1550 fracto.

343 1651 429 1693 nune
452 1632 567 1692 eunota
588 1627 673 1691 veris
695 1626 866 1691 frondibus
890 1626 1005 1691 annuis

343 1717 479 1782 crinitur
502 1716 611 1802 arbos,
633 1737 720 1780 nuno
742 1714 909 1779 voluerum
930 1715 1007 1779 novi

312 1883 314 1889 y
389 1810 522 1890 questus
544 1804 814 1889 inexpertumque
838 1826 979 1889 earmen,

433 1894 520 1979 quod
541 1894 641 1959 taeita
663 1897 805 1958 statuere
828 1893 951 1958 bruma.

342 2060 402 2103 nos
425 2060 523 2121 parea
545 2037 643 2102 tellus
666 2035 806 2122 peruigil
829 2040 862 2099 et
885 2036 977 2101 focus

343 2126 533 2211 culmenque
556 2126 659 2190 multo
681 2124 804 2189 lumine
827 2124 990 2189 sordidum

388 2215 534 2279 solantur
556 2217 790 2298 exemptusque
813 2216 898 2277 testa

433 2326 496 2387 qua
518 2302 614 2367 modo
636 2301 803 2365 ferbuerat
825 2302 958 2385 Lyaeus

342 2466 409 2509 non
431 2444 521 2508 mille
543 2444 655 2523 balant
678 2442 814 2530 lanigeri
838 2465 963 2530 greges,

343 2556 402 2598 nee
424 2555 520 2597 raeoa
544 2533 629 2599 dulei
650 2533 758 2620 mugit
782 2532 938 2619 adultero,

387 2623 508 2707 unique
531 2622 688 2706 siquando
711 2621 839 2687 eanenti

431 2715 540 2776 mutus
562 2731 641 2797 ager
663 2709 792 2776 domino
815 2711 976 2776 reclamat.

343 2855 400 2920 sed
421 2858 507 2919 terra
529 2852 644 2938 primis
668 2858 744 2936 post
766 2854 905 2938 patriam
927 2852 1008 2918 mihi

344 2943 461 3008 dileota
483 2941 581 3027 auris3
603 2941 657 3006 hio
681 2964 751 3006 mea
774 2942 913 3007 earmina

387 3032 499 3116 regina
521 3031 682 3096 bellorum
704 3030 816 3116 virago

433 3119 587 3183 Caesareo
610 3118 789 3202 peramavit
813 3140 905 3201 auro,

237 3227 450 3239 ...—.-.-..-...

307 3277 340 3332 V.
359 3283 376 3331 8
394 3276 424 3330 in
449 3273 591 3345 Zephyros
613 3273 745 3343 aquilone
768 3274 857 3329 fracto
876 3275 1025 3332 Buecheler
1047 3284 1072 3332 et
1091 3276 1248 3333 Krobnius:

235 3350 297 3404 Iam
314 3347 442 3419 zephiros
461 3346 593 3416 aquilona
611 3345 716 3400 fractos
788 3351 803 3399 9
823 3345 908 3402 veris:
927 3346 988 3403 vari
1003 3348 1156 3404 Baeterrae:
1175 3348 1248 3401 ruris

241 3420 442 3488 Weraedorfiua
515 3422 549 3471 10
568 3416 686 3471 crinitur
704 3434 733 3476 r:
753 3416 874 3472 (trinitus
948 3424 1050 3474 131111
1069 3436 1098 3479 ςε
1117 3418 1175 3473 Hos

237 3497 269 3545 16
289 3508 346 3561 qua
359 3508 389 3551 3:
409 3488 482 3555 Quo:
501 3487 551 3558 qui
569 3505 595 3543 e:
615 3504 679 3541 eum
697 3488 813 3544 Vollmer
897 3489 1041 3545 ferbuerat
1059 3507 1087 3549 ςι
1106 3490 1249 3545 seruarat

308 3567 340 3615 17
358 3560 460 3616 balant
478 3577 507 3619 r:
526 3557 624 3613 lavant
730 3558 851 3631 lanigeri
870 3578 899 3620 ςι
922 3559 1044 3632 lapigeri
1151 3556 1183 3615 '21
1197 3563 1249 3616 eet

233 3634 297 3703 (del.
316 3633 366 3703 1¹)
383 3633 449 3701 poet
514 3636 547 3683 22
566 3627 613 3683 hie
632 3630 777 3686 Heinsius:
798 3631 863 3685 hine
924 3639 958 3686 24
976 3631 1146 3702 peramavitr
1165 3632 1249 3687 deeo-

235 3702 309 3758 ravit
328 3704 513 3758 Murtiaadua
