2925 4192
544 356 863 426 samartani
1168 357 1209 418 41
1326 382 1333 395 ·

278 501 356 587 quid
378 501 460 566 mihi
481 502 635 589 gaudenti
657 501 764 587 proles
782 499 925 586 Cyllenia
946 501 1037 589 virga

209 590 362 656 nuntiat?
375 594 465 656 estne
474 589 974 675 aliquidtamsaerointempore
982 588 1126 654 laetum?
1165 606 1219 653 100

77 711 78 744 1
210 683 344 744 noverat
367 679 491 766 effigies
513 679 721 765 generosique
745 679 843 744 ardua
864 678 971 744 Blaesi

77 767 78 806 3
211 791 267 834 ora
289 790 379 854 puer,
401 767 478 833 dum
500 790 594 853 saepe
616 767 703 832 dorni
725 789 809 834 nora
831 770 915 833 serta
937 767 1094 854 ligantem

209 860 243 921 te
265 856 353 922 videt
376 860 409 921 et
431 856 552 921 similes
574 858 754 943 tergentem
776 860 905 940 peotore
928 878 1023 921 oeras.

77 935 78 942 ¹
209 945 296 1010 huno
318 945 377 1009 ubi
398 944 532 1010 Lethaei
552 945 744 1010 lustrantem
767 944 907 1032 gurgitis
929 966 1001 1009 oras

210 1031 372 1099 Ausonios
394 1033 478 1098 inter
499 1056 647 1117 proceres
670 1034 846 1118 seriemque
868 1032 994 1109 Quirini
1165 1050 1219 1097 100

211 1121 375 1209 adgnovit,
396 1121 509 1187 timide
530 1123 669 1207 primum
692 1122 829 1209 vestigia
851 1121 958 1208 iungit

211 1232 339 1277 aeoessu
361 1210 461 1276 taeito
485 1233 689 1296 summosque
711 1210 839 1277 lacessit
861 1210 1005 1294 amiotus,

213 1299 287 1365 inde
304 1299 408 1386 magis
426 1299 583 1385 sequitur,
600 1322 704 1385 neque
723 1299 808 1365 enim
826 1300 929 1386 magis
947 1298 1002 1364 1110
1019 1299 1201 1364 trahentem

213 1388 336 1474 spernit
359 1391 391 1453 et
413 1387 526 1475 ignota
548 1388 648 1453 eredit
671 1389 709 1454 de
733 1388 835 1472 stirpe
856 1392 1020 1472 nepotum.

211 1499 287 1542 mox
311 1476 368 1541 ubi
392 1476 520 1542 delieias
543 1481 575 1541 et
597 1477 661 1541 rari
683 1477 803 1565 pignus
826 1477 920 1542 amioi
1166 1492 1220 1539 100

213 1565 313 1631 sensit
336 1568 369 1630 et
391 1564 500 1631 amissi
523 1587 658 1649 puerum
681 1565 800 1631 solaria
821 1564 936 1648 Blaesi,

212 1654 301 1719 tollit
322 1654 421 1719 humo
444 1676 625 1741 magnaque
646 1654 729 1741 ligat
752 1654 871 1719 eerviee
894 1653 1011 1739 diuque

213 1743 281 1827 ipse
302 1764 400 1807 manu
423 1742 565 1829 gaudens
587 1743 675 1808 vehit
699 1747 739 1828 et,
763 1765 844 1827 quae
866 1764 998 1807 munera
1021 1742 1130 1807 mollis

213 1830 327 1916 Elysii,
350 1831 476 1896 steriles
498 1852 604 1896 ramos
626 1836 796 1915 mutasque
818 1832 962 1896 volueres

214 1920 326 2006 porgit
348 1922 381 1985 et
404 1924 542 2004 optunso
566 1919 724 2003 pallentes
746 1918 890 2005 germine
912 1920 1015 1984 fiores.
1168 1935 1221 1982 100

213 2030 273 2073 neo
294 2008 448 2093 prohibet
471 2007 652 2072 meminisse
675 2008 733 2093 tui,
756 2007 812 2072 sed
833 2011 964 2091 pectora
986 2006 1124 2071 blandus

213 2096 327 2162 11110001
349 2101 381 2162 01
404 2097 562 2162 alternum
584 2096 677 2181 pueri
700 2095 841 2180 partitur
860 2117 1008 2160 amorem.

281 2185 335 2250 hio
357 2184 431 2250 finis
453 2188 555 2269 rapto.
601 2184 680 2270 quin
702 2189 739 2249 tu
762 2184 827 2249 iam
849 2185 980 2249 vulnera
1002 2184 1093 2248 sedas

216 2273 361 2339 attollis
383 2296 522 2339 mersum
544 2273 635 2339 luotu
658 2274 776 2359 eaput?
808 2272 915 2338 omnia
936 2273 1045 2337 fimeta

215 2366 271 2427 aut
293 2362 450 2427 moritura
471 2362 572 2427 rides:
596 2363 718 2428 obeunt
740 2366 914 2445 noctesque
937 2360 1066 2445 diesque
1169 2378 1223 2425 210

216 2455 373 2536 astraque,
395 2473 453 2516 neo
476 2451 588 2516 solidis
611 2452 742 2536 prodest
765 2473 822 2515 sua
842 2450 990 2515 maehina
1012 2450 1115 2514 terris.

216 2562 292 2604 nam
314 2540 456 2623 populus
477 2540 614 2605 mortale
637 2562 739 2627 genus
761 2539 930 2624 plebisque
953 2538 1087 2603 oadueae

217 2628 290 2713 quis
308 2628 383 2692 fleat
401 2627 572 2692 interitus?
598 2628 660 2693 hos
677 2627 773 2711 bella,
790 2628 850 2692 hos
872 2648 1010 2711 aequore
1027 2630 1178 2711 poseunt3

166 2784 168 2789 ,
217 2716 270 2780 his
292 2736 381 2779 amor
404 2715 513 2801 exitio,
535 2715 625 2780 furor
646 2715 699 2780 his
721 2721 754 2780 et
776 2738 869 2779 saera
891 2715 1017 2799 cupido,

217 2806 255 2868 ut
278 2803 389 2867 sileam
410 2803 554 2886 morbos,
576 2803 637 2868 hos
660 2825 716 2868 ora
738 2803 877 2890 rigentia
899 2802 1046 2883 Brumae,
1171 2818 1224 2865 210

218 2890 292 2956 illos
314 2890 485 2975 implaoido
507 2890 615 2955 letalis
636 2889 739 2956 Sirius
761 2891 839 2977 igni,

218 2980 278 3045 hos
299 2983 407 3044 manet
430 2978 596 3045 imbrifero
619 2979 744 3063 pallens
766 2978 951 3043 Autumnus
973 2978 1073 3043 hiatu.

218 3067 371 3154 quioquid
393 3068 454 3132 init
477 3071 576 3151 ortus,
598 3070 695 3133 finem
717 3069 819 3133 timet.
864 3066 983 3132 ibimus
1007 3089 1126 3150 omnes,

291 3356 341 3405 180
360 3351 441 3421 virga
458 3368 496 3406 m:
515 3349 595 3418 virgo
660 3355 709 3404 101
730 3347 850 3419 effigies:
870 3347 1027 3419 effigieme
1081 3347 1176 3404 Blaesi
1194 3366 1223 3409 ςι

217 3421 307 3477 blessi
324 3424 371 3492 (es.
389 3426 450 3490 201,
468 3421 495 3475 Π
513 3427 538 3491 3,
553 3425 596 3488 77)
669 3426 720 3475 190
739 3436 817 3475 aeras
835 3420 1064 3476 Sendatroemiuar
1084 3436 1164 3473 ouras

220 3498 272 3547 100
289 3492 434 3563 Adgnovit
447 3493 476 3562 (d
489 3510 550 3562 esp.
564 3496 599 3561 m)
655 3497 704 3546 19⁷
719 3491 808 3547 100110
822 3508 861 3547 mr
879 3489 965 3545 tatito
1019 3496 1071 3543 201
1086 3488 1181 3544 Blaesi
1195 3507 1223 3549 ςε

217 3563 305 3620 blessi
377 3570 430 3617 204
446 3565 596 3632 mutasque
614 3578 643 3621 5:
661 3562 822 3631 multasque
893 3566 945 3615 200
962 3560 1058 3631 porgit
1076 3562 1225 3616 Boethius:

219 3634 313 3689 Porsit
419 3640 470 3688 212
488 3634 622 3705 populus:
647 3634 767 3704 populos
785 3633 866 3705 vulgo
888 3639 952 3687 ante
974 3632 1138 3687 Vollmeram

221 3710 273 3760 218
291 3705 345 3760 init
363 3710 409 3776 (ω
427 3708 486 3775 ant)
557 3705 764 3775 11111110(Μο
