2925 4192
558 1024 593 1089 Ρ.
616 1024 765 1091 PAPINI
788 1024 926 1092 sarra

494 1169 522 1251 S
554 1170 576 1250 I
608 1170 643 1251 L
671 1170 712 1249 V
735 1171 775 1251 Α
807 1169 847 1253 R
878 1170 920 1251 U
950 1170 997 1251 M

626 1314 782 1409 'amaa
804 1345 842 1409 v.

691 1490 797 1497 -—-.-—-

406 1589 557 1645 STATIUS
574 1590 792 1646 ABASCANTO
813 1590 880 1646 SUO
900 1588 1078 1645 SALUTEM.

304 1714 464 1781 Omnibus
477 1717 647 1782 affectibus
661 1718 884 1803 prosequenda
898 1723 973 1783 sunt
992 1718 1078 1783 bona
1092 1718 1248 1802 exempla,
1286 1734 1302 1782 5

237 1827 311 1870 oum
323 1804 454 1889 publice
472 1805 606 1890 prosint.
639 1806 753 1891 pietas,
772 1829 868 1890 quam
881 1806 1047 1871 Priscillae
1065 1810 1139 1871 tuac
1158 1828 1250 1890 prae·

237 1897 317 1978 atas,
340 1897 373 1958 et
395 1915 522 1959 morum
548 1898 680 1959 tuorum
702 1917 778 1977 pars
811 1899 843 1959 et
877 1894 960 1958 nulli
986 1916 1052 1960 non
1080 1894 1249 1960 conciliare

238 1987 285 2065 te,
322 1982 495 2066 praecipue
529 1982 659 2068 merito,
691 1986 808 2065 potest.
859 2004 993 2047 uxorem
1029 1982 1114 2047 enim
1145 1983 1251 2048 vivam

235 2093 344 2135 amare
361 2070 513 2155 voluptas
532 2076 590 2155 eet,
608 2070 792 2136 defunctam
811 2070 934 2157 religio.
965 2093 1025 2157 ego
1044 2075 1153 2136 tamen
1175 2072 1250 2136 huic

236 2159 328 2245 operi
350 2181 416 2225 non
438 2165 477 2224 ut
499 2180 583 2225 unus
601 2182 618 2225 e
637 2161 735 2225 turba
750 2182 811 2225 mec
828 2164 957 2224 tantum
977 2160 1069 2244 quasi
1088 2160 1250 2225 officiosus
1270 2179 1303 2227 ιο

235 2247 360 2313 adsilui.
397 2249 517 2313 amavit
531 2249 617 2314 enim
635 2270 770 2314 uxorem
787 2271 893 2313 meam
906 2248 1053 2313 Priscilla
1066 2253 1101 2313 et
1114 2249 1249 2315 amando
1344 2308 1347 2314 .

236 2337 313 2403 fecit
338 2336 418 2401 mihi
442 2338 531 2403 illam
553 2338 785 2423 probatiorem3
815 2342 892 2421 post
918 2338 980 2402 hoc
1003 2336 1150 2424 ingratas
1169 2358 1249 2423 sum,

236 2426 264 2490 si
286 2426 435 2491 lacrimas
452 2432 526 2493 tues
544 2432 680 2492 transeo.
712 2431 880 2511 praetcrea
897 2426 983 2491 latus
1006 2448 1100 2492 omne
1124 2426 1249 2491 divinae

236 2514 350 2579 domus
373 2537 502 2600 semper
520 2516 674 2580 demereri
697 2538 849 2601 promea
871 2515 1092 2581 mediocritate
1115 2515 1248 2580 conitor

235 2602 387 2685 namqui
410 2604 580 2669 bonafide
604 2604 681 2669 deos
699 2606 786 2690 colit,
805 2608 892 2669 amat
914 2609 948 2669 et
970 2603 1160 2669 sacerdotes
1193 2604 1249 2668 sed
1268 2622 1302 2669 15

238 2690 384 2775 quamvis
421 2692 606 2775 propiorem
638 2714 732 2757 usum
764 2692 924 2758 amicitiae
956 2696 1030 2758 tuac
1058 2692 1249 2776 iampridem

236 2799 397 2863 cuperem,
421 2779 550 2843 mallem
568 2784 677 2845 tamen
696 2780 874 2846 nondum
864 2781 1023 2845 mvenisae
1045 2780 1221 2845 materiem

310 2977 343 3025 10
361 2987 413 3026 nec
430 2970 482 3027 1¹:
476 2987 553 3026 ·veo
608 2979 638 3025 11
659 2970 833 3031 Priscillae·
851 2970 1008 3041 priscillam
1070 2978 1103 3027 16
1121 2990 1247 3033 ιιιιιιιις.

236 3041 340 3169 νΒιιιιιιιιίι.Ι
371 3059 417 3097 me
447 3040 540 3096 visum
573 3043 716 3100 Kroaaaa
842 3047 874 3095 1⁷
901 3046 1010 3100 tamem
1037 3045 1134 3098 tamen
1160 3044 1249 3099 talem

266 3131 300 3170 ar
327 3130 373 3168 area
