2925 4192
233 405 308 462 LXX
636 402 841 458 PRAEFATIO

234 559 287 634 qui
319 556 394 616 obiit
424 573 451 613 a.
473 556 557 614 1478
585 586 622 594 -
648 552 832 632 marginibus
864 531 1019 612 domestici
1050 552 1159 613 codicis
1193 553 1245 612 ad-

234 645 404 705 notationes
423 662 453 704 se
473 642 662 719 adscripsisse
681 644 812 703 testatur
828 643 912 718 epist.
926 642 971 700 Vl
992 645 1020 718 1,
1041 642 1094 701 ubi
1111 641 1245 701 Vollmer

234 753 287 794 suo
305 735 369 793 iure
387 732 546 809 concludit,
563 734 662 808 ipsum
680 732 831 808 exemplar
849 729 1057 791 Gorsinianum
1073 731 1244 808 significari.

300 841 416 883 summa
438 823 532 898 igitur
550 821 704 880 adfinitate
723 838 848 880 conexos
866 839 929 880 esse
947 820 1040 879 libros
1057 819 1246 898 Poggianum

233 915 265 972 ct
287 912 491 971 Matritensem
514 929 549 968 ex
570 910 618 969 his
640 910 752 969 tabulis
775 909 902 968 dilucide
925 910 1112 985 perspicitur.
1143 909 1246 968 licebit

234 1020 305 1079 ergo
337 1002 429 1060 etiam
461 1001 502 1060 eis
534 1000 607 1058 locis
639 1018 675 1057 er
706 999 899 1057 adnotatione
926 999 1071 1058 Politiani
1097 997 1246 1075 Poggiani

234 1090 344 1152 codicis
366 1090 524 1148 lectionem
546 1089 715 1149 coniectura
738 1087 877 1165 indagari
900 1087 1006 1162 quibus
1029 1081 1057 1147 A
1080 1089 1111 1145 et
1132 1081 1163 1146 Μ
1184 1105 1246 1145 non

235 1180 408 1257 congruunt.
455 1178 557 1254 paucis
581 1178 721 1253 exemplis
750 1195 814 1236 rem
839 1176 981 1236 inlustro:
1017 1170 1245 1251 11‚10‘iaa’

233 1267 346 1346 legitur
367 1268 400 1326 in
422 1279 461 1330 ac
483 1286 537 1343 per
559 1285 589 1326 se
612 1266 752 1343 probum,
774 1268 875 1324 tamen
898 1265 1065 1324 Politianus
1088 1258 1159 1323 ‘ide’
1182 1282 1245 1323 cor-

233 1359 319 1432 rexit,
342 1355 419 1414 unde
442 1357 474 1414 in
491 1355 646 1433 Poggiano
668 1356 716 1414 vel
739 1355 796 1414 hoc
818 1355 866 1414 vel
884 1348 977 1412 ‘iden’
994 1354 1085 1413 tuisse
1108 1354 1246 1427 conicias,

236 1463 312 1521 quac
336 1447 381 1504 est
409 1445 497 1504 lectio
525 1445 634 1503 codicis
657 1438 694 1504 Μ.
741 1443 878 1503 similiter
900 1443 1066 1502 Politianus
1088 1442 1183 1517 1115,
1203 1444 1243 1501 21

234 1535 267 1592 in
289 1533 479 1592 emendandis
501 1535 606 1608 poetae
624 1531 722 1592 verbis
741 1551 800 1590 non
823 1549 860 1590 ex
877 1544 916 1592 ao
935 1523 1030 1612 (haud
1047 1522 1245 1612 penetrabile)

235 1623 385 1698 profectus
408 1623 462 1698 est,
485 1620 538 1681 sed
557 1615 795 1697 ‘inpenetrabile’
818 1620 957 1680 correxit:
979 1620 1028 1680 vel
1050 1620 1108 1678 hoc
1129 1620 1177 1679 vel
1200 1615 1246 1678 ‘ut

233 1706 431 1787 penetrabile'
454 1711 513 1769 fuit
535 1711 567 1768 in
589 1709 753 1788 Poggiano.
798 1711 928 1768 conicere
952 1711 1052 1767 autem
1074 1708 1145 1767 licet
1166 1708 1246 1767 Poli-

234 1802 351 1859 tianum
373 1818 420 1859 res
442 1799 617 1858 minutiores
639 1799 730 1858 tacite
754 1800 926 1873 correxisse,
949 1815 1016 1856 oum
1042 1797 1151 1856 dixerit
1178 1816 1245 1857 oau-

235 1891 347 1948 tionem
361 1889 418 1948 sibi
431 1889 521 1948 fuisse
535 1908 572 1946 ne
592 1887 664 1964 quid
682 1888 724 1946 ab
743 1887 810 1946 illo
830 1878 948 1967 (nempe
963 1886 1062 1947 codice
1075 1878 1245 1969 Poggiano)

234 1980 372 2037 mutaret.
419 1997 495 2054 quae
527 1976 618 2037 uerba
655 1975 697 2034 sic
732 1978 912 2052 inte1pretor
947 1995 1015 2034 eum
1050 1975 1247 2034 mutationem

234 2067 331 2126 facere
350 2086 409 2126 non
429 2067 567 2141 noluisse,
588 2066 639 2125 sed
657 2064 893 2124 emendationem
910 2065 1031 2140 petiisse
1050 2083 1085 2122 ex
1106 2063 1177 2122 libri
1199 2066 1247 2122 sui

234 2156 369 2216 lectione.
415 2155 466 2215 sed
496 2156 572 2214 talia
603 2155 708 2229 utpote
740 2155 838 2212 minus
870 2156 951 2212 certa
978 2153 1040 2211 iam
1067 2153 1245 2228 linquamus.

235 2244 387 2302 sufficiunt
399 2245 447 2302 illi
461 2262 534 2319 quos
549 2243 639 2301 attuli
657 2243 716 2300 loci
733 2242 769 2300 ut
786 2242 898 2300 claram
919 2241 1081 2318 imaginem
1098 2241 1247 2320 Poggiani

234 2331 306 2392 libri
327 2331 412 2391 nobis
434 2349 643 2408 proponamus.

303 2439 369 2478 cnm
391 2420 598 2479 Matritensem
626 2420 776 2495 exemplar
798 2418 985 2496 Poggianum
1012 2419 1103 2479 fuisse
1127 2419 1246 2478 demon·

159 2565 160 2568 ,
235 2509 428 2568 straverimus
465 2509 624 2584 eodemque
660 2509 779 2565 nomine
810 2507 978 2567 Politianus
1013 2508 1126 2566 librum
1161 2527 1248 2566 snum

235 2599 460 2673 nuncupaverit,
473 2598 586 2673 poterit
600 2597 708 2672 aliquis
723 2596 899 2655 contendere
913 2595 1038 2655 eundem
1056 2615 1118 2656 esse
1137 2596 1248 2655 librum

235 2685 442 2746 Matritensem
456 2706 490 2746 ac
504 2686 698 2764 Poggianum.
721 2686 753 2744 id
772 2685 852 2761 quod
870 2686 996 2761 speciosi
1015 2685 1129 2761 aliquid
1147 2684 1247 2761 habet,

237 2775 289 2836 sed
311 2776 383 2834 ferri
405 2776 516 2852 nequit.
550 2774 719 2851 discrepant
741 2775 821 2833 enim
842 2773 924 2832 haud
945 2793 1004 2833 uno
1027 2775 1092 2833 loco
1114 2775 1195 2832 inter
1216 2790 1247 2832 sc

235 2858 264 2925 A
278 2868 308 2923 et
317 2859 355 2925 Μ.
370 2883 406 2922 ex
420 2864 526 2940 quibus
536 2865 675 2942 graviora
688 2866 808 2923 tantum
820 2863 951 2924 hocloco
963 2862 1248 2922 tractandacenseo:
1337 2939 1340 2944 Α

302 2953 319 3010 Ι
339 2954 367 3028 2,
383 2956 445 3014 203
471 2948 607 3012 ‘nitidae'
625 2955 724 3030 potest
748 2971 810 3013 esse
833 2951 1001 3011 emendatio
1019 2951 1163 3012 Politiani
1181 2953 1248 3008 nisa

237 3041 270 3099 in
291 3041 418 3100 lectione
441 3036 484 3102 M:
508 3037 652 3101 ‘mtiade’.
697 3043 770 3100 item
795 3043 897 3118 potest
928 3039 1024 3100 statui
1045 3040 1100 3099 14
1123 3043 1164 3101 tit.
1187 3040 1248 3098 Ru-

236 3130 298 3188 tilii
320 3124 362 3190 A:
384 3130 489 3188 Rutuli
511 3125 554 3205 Μ,
586 3130 650 3205 16,
666 3132 707 3189 20
741 3132 899 3208 prognatos
921 3123 980 3190 A*:
1002 3129 1186 3208 Praegnates
1208 3121 1247 3204 Μ,

165 3285 167 3290 ,
235 3219 268 3278 Π
284 3221 312 3294 1,
328 3219 369 3277 88
389 3219 523 3295 Elegisse
540 3212 599 3278 A*:
617 3218 750 3296 Flegisse
768 3213 807 3293 Μ,
825 3218 869 3277 IV
884 3219 913 3295 3,
927 3220 968 3276 81
988 3219 1175 3294 servitusque
1189 3212 1248 3279 A*:

237 3307 422 3383 struitusque
441 3301 479 3382 Μ,
502 3306 546 3365 IV
565 3308 593 3383 3,
610 3309 651 3365 74
675 3307 715 3366 Et
732 3301 774 3368 A:
796 3307 827 3366 It
848 3301 886 3368 Μ.
923 3309 1027 3384 paucis
1049 3308 1123 3367 locis
1146 3306 1249 3366 licebit

234 3396 271 3454 de
294 3396 438 3456 Politiani
457 3414 554 3455 errore
573 3395 713 3472 cogitare,
731 3397 826 3456 veluti
845 3415 912 3454 cum
929 3397 961 3454 H
981 3399 998 3455 1
1018 3399 1059 3455 tit.
1082 3395 1248 3473 scripserit:

237 3479 414 3545 ‘dedicatus’
441 3503 496 3560 pro
525 3479 700 3543 ‘delicatus’
731 3485 767 3544 cf.
792 3485 882 3544 etiam
903 3486 920 3543 I
939 3487 1056 3561 2,180.
1102 3499 1248 3544 nonnum·

237 3592 328 3650 quam
350 3595 382 3633 re
405 3592 476 3633 vera
499 3573 531 3631 id
554 3573 633 3649 quod
655 3572 823 3634 Politianus
846 3574 1001 3652 Poggiano
1024 3574 1141 3648 tribuit,
1163 3575 1195 3631 in
1217 3566 1248 3633 Μ

235 3665 337 3739 potest
355 3663 429 3742 legi3
448 3683 471 3722 e.
486 3682 515 3741 g.
529 3661 557 3718 V
573 3665 601 3738 3,
617 3664 679 3723 209
703 3662 756 3721 ubi
775 3657 939 3738 ‘biotaque'
959 3657 1121 3723 exhibetll
1140 3657 1248 3721 ‘luota-

236 3747 306 3828 que'
325 3751 432 3812 Sonter
453 3751 537 3832 legit.
570 3751 631 3827 14,
646 3752 686 3810 88
710 3751 743 3809 in
764 3770 836 3811 voce
860 3745 965 3810 ‘laeta’
987 3751 1161 3827 compendio
1178 3768 1248 3809 oon·
