2925 4192
588 353 772 409 snvanuu
791 354 820 409 n.
835 354 856 424 ι,
873 360 895 410 1.

239 503 337 583 atque
360 496 544 583 exploratas
566 498 631 563 iam
652 498 763 563 laudet
784 498 884 563 Veste
906 498 1080 563 ministras.

239 588 353 651 dextra
374 591 463 651 vetat
485 609 625 673 pugnas,
646 587 772 652 laevam
793 587 939 652 Tritonia
961 588 1053 673 virgo

238 697 306 741 non
328 679 441 761 marat
463 680 496 740 ct
514 679 619 740 sectae
642 676 826 760 praetendit
849 676 931 743 colle
952 676 1129 741 Medusae·

239 786 298 829 eeu
320 763 460 829 stimulis
483 764 628 829 accendit
651 786 784 850 equum3
806 785 866 828 nec
889 764 1012 828 dulcior
1034 785 1168 848 usquam

239 853 324 918 lecta
346 853 424 917 deae
447 854 538 917 sedes
561 874 619 917 nee
642 853 679 940 si,
702 858 804 937 pater,
828 853 900 937 ipse
922 856 1056 917 teneres.
1138 872 1139 875 ’
1216 867 1250 915 4ο

240 946 382 1026 pectora,
405 963 486 1026 quae
509 941 620 1006 mundi
642 942 771 1006 valeant
795 942 940 1006 evolvere
963 962 1067 1026 curas,

241 1034 274 1094 et
297 1030 349 1094 eui
372 1051 405 1094 se
428 1030 507 1095 tetis
529 1029 662 1096 Temese
685 1030 773 1095 dedit
795 1031 911 1095 hausta
932 1028 1085 1114 metellis3

240 1118 268 1183 it
290 1123 383 1204 terge
406 1118 543 1184 demissa
566 1119 718 1203 chlamys,
755 1120 840 1184 letus
863 1140 937 1183 ense
961 1116 1070 1203 quieto
1166 1134 1167 1138 ’

241 1229 401 1293 securum,
424 1229 560 1293 magnus
583 1212 704 1291 quanto
727 1230 879 1273 muer-one
900 1207 1042 1272 minatur

240 1296 392 1361 noctibus
413 1296 559 1360 hibernis
582 1301 615 1361 et
637 1297 742 1362 sidera
764 1301 864 1362 terret
886 1294 994 1361 Orion.
1217 1309 1251 1357 45

308 1388 341 1448 at
364 1384 495 1469 sonipes
517 1385 650 1450 habitus
673 1386 861 1469 animosque
884 1384 1029 1449 imitatus
1052 1380 1209 1467 equestris

242 1472 346 1537 acrius
369 1473 491 1538 attollit
513 1474 622 1539 vultus
645 1496 837 1558 cursumque
861 1473 1015 1557 minatur3

242 1563 294 1626 cui
315 1561 429 1647 rigidis
452 1566 540 1627 stant
562 1564 645 1628 colla
667 1563 755 1627 iubis
776 1563 931 1647 vivusque
954 1584 1013 1647 per
1036 1581 1141 1624 armos

242 1650 385 1734 impetus
408 1654 441 1714 et
464 1651 564 1715 tantis
587 1651 766 1717 calcaribus
788 1652 845 1716 ilia
865 1652 931 1716 late

245 1739 419 1803 suffectura
441 1743 563 1823 patent.
599 1762 716 1805 vacuae
739 1763 799 1825 pro
824 1739 965 1823 caespite
987 1743 1091 1803 terrae
1220 1751 1253 1799 50

245 1848 338 1891 aerea
360 1827 479 1912 captivi
503 1827 623 1892 crinem
646 1828 730 1914 tegit
753 1828 875 1914 ungula
896 1827 1011 1891 Rheni.

243 1916 329 1980 hune
353 1919 386 1980 et
409 1915 587 1981 Adrasteus
610 1916 715 1981 visum
739 1916 941 1982 extimuisset
962 1914 1065 1979 Arion

247 2009 279 2068 et
302 2008 400 2089 peret
423 2004 582 2087 aspiciens
604 2004 748 2069 Ledaeus
771 2006 812 2069 ab
836 2004 913 2068 aede
936 2002 1119 2088 propinqua

247 2092 403 2177 Cyllarus.
439 2092 493 2156 hic
515 2093 637 2161 domini
659 2115 836 2178 numquam
858 2091 999 2157 mutabit
1021 2090 1163 2154 habenas

245 2186 422 2266 perpetuus
445 2181 545 2247 frenis
568 2186 665 2267 atquc
688 2182 744 2246 uni
769 2182 886 2246 serviet
909 2181 1009 2245 astrol
1221 2192 1269 2249 56.

310 2270 365 2334 vir
388 2271 457 2335 sols
479 2271 644 2336 sufficiunt
667 2271 852 2355 insessaque
875 2269 1016 2354 pondere
1039 2271 1109 2332 toto

245 2359 358 2424 subter
380 2358 510 2423 anhelat
531 2359 663 2445 humus,
685 2381 745 2424 nec
768 2360 853 2424 ferre
876 2362 932 2423 aut
955 2378 1040 2422 sere:
1062 2356 1210 2421 laborant

246 2447 306 2512 sub
331 2447 441 2534 genic,
463 2451 572 2513 teneat
597 2448 742 2533 quamvis
766 2453 896 2513 aeterne
918 2446 1062 2531 crepido,

246 2557 327 2619 quae
353 2536 571 2623 superingesti
594 2542 740 2622 portaret
762 2537 902 2602 culmina
924 2534 1044 2600 montis

247 2623 451 2708 caeliferique
475 2626 588 2690 attrita
611 2647 696 2711 genu
719 2626 865 2691 durasset
887 2623 1038 2688 Atlantis.
1223 2636 1256 2685 60

249 2852 371 2905 restituit
384 2853 565 2920 praescriptis
582 2851 601 2905 b
616 2867 649 2919 a,
663 2860 728 2921 post
746 2853 867 2907 radendo
881 2850 986 2904 Dextra
1004 2850 1052 2903 vet
1070 2848 1175 2915 delerit,
1194 2846 1258 2900 Non

249 2937 319 2993 grav
337 2922 480 2977 substituit
551 2926 584 2975 37
603 2938 713 2991 pugnas
730 2939 759 2980 ςε
778 2938 886 2993 pugnes
901 2921 982 2990 (quod
995 2920 1116 2987 defendit
1131 2918 1257 2988 Vollmer)

318 2990 430 3046 laevam
444 3009 474 3052 ςι
493 2992 612 3047 larium:
631 2992 744 3047 Latium
757 3011 783 3044 ιιι
801 2992 951 3058 Baehrens,
965 2992 1023 3061 (qut
1036 2995 1063 3044 et
1074 2987 1187 3059 pugnis)
1203 3006 1257 3058 quc

246 3064 404 3118 condoma
421 3069 533 3133 accepts
555 3082 615 3118 eum
633 3065 790 3119 Brundesie
812 3065 879 3119 orde
896 3078 1022 3117 uersuum
1038 3062 1188 3116 mutandus
1205 3066 1258 3125 est;

247 3135 335 3190 voluit
353 3135 412 3189 elle:
431 3140 473 3189 38.
487 3140 530 3189 41.
545 3140 588 3190 42.
603 3140 645 3189 39.
661 3140 703 3189 40,
718 3139 761 3191 43,
776 3136 816 3205 (et
833 3131 907 3203 quis)
969 3132 1049 3202 virgo
1070 3148 1098 3189 s:
1117 3130 1203 3201 vulgo

248 3209 281 3259 39
301 3205 443 3261 accendit:
472 3207 609 3261 accendet
626 3208 717 3262 Aldus
789 3210 823 3258 40
842 3220 893 3259 nec
911 3203 952 3258 sic
969 3204 1051 3274 pater
1068 3202 1129 3273 ipse
1147 3204 1256 3256 teneres

246 3278 397 3345 pectoras
461 3277 516 3330 '42
535 3280 564 3333 et
581 3280 628 3348 (en
645 3279 795 3347 Baehrens)
814 3274 860 3331 sui
878 3291 908 3335 ςι
927 3273 1034 3343 etqui:
1054 3272 1199 3342 etquiss

247 3346 364 3403 Temese
384 3347 462 3402 dedit
481 3366 509 3407 s:
529 3348 637 3403 themes
657 3347 748 3403 edidit
820 3348 924 3401 hausta
942 3349 972 3416 (u
989 3363 1076 3415 supra
1093 3362 1117 3399 v,
1135 3344 1187 3413 1¹)

248 3423 282 3471 43
305 3418 330 3472 it
348 3434 378 3477 ςι
396 3418 434 3473 Et
521 3425 556 3475 48
579 3418 680 3490 rigidis
698 3438 724 3471 ιι
742 3420 787 3489 (?):
806 3417 912 3488 regidis
1007 3423 1040 3471 51
1060 3431 1142 3469 aerea
1161 3414 1258 3468 Mart·

248 3490 364 3545 tardae:
382 3490 478 3545 Aenea
549 3490 632 3561 tegit:
651 3490 719 3544 terit
737 3506 754 3549 ς
826 3495 861 3543 54
878 3487 1002 3542 mutabit
1020 3504 1050 3546 ςι
1069 3484 1191 3540 mutavit

249 3565 282 3613 56
301 3560 464 3630 insessaque
482 3581 519 3618 m:
542 3579 601 3615 urse
620 3562 682 3631 (del.
701 3562 814 3632 11)u1s
833 3575 951 3629 esseque
1046 3559 1120 3612 toto:
1139 3558 1220 3611 tento
1240 3570 1257 3613 ς

320 3637 353 3685 5⁷
373 3632 411 3687 Su
430 3635 474 3687 ter
526 3633 627 3687 humus
646 3635 760 3699 aeterna
779 3632 890 3701 crepido
910 3633 979 3701 (esp.
992 3630 1044 3698 1¹)
1064 3644 1115 3682 nec
1133 3627 1206 3681 ferro
1251 3644 1253 3649 ·

249 3701 392 3760 laborant:
410 3651 522 3758 liaberet
540 3721 557 3763 ς
642 3709 676 3757 59
695 3700 900 3773 superingesti
