2925 4192
585 354 769 409 smvaaUM
787 355 817 410 L.
832 355 878 423 IV,
894 362 917 411 8.

246 498 371 563 Invidia
393 504 491 583 atque
514 499 578 563 alio
601 499 735 563 liventia
757 504 889 583 pectora
911 500 1033 563 flectat:

246 588 298 653 his
322 588 447 652 senium
468 589 649 674 longaeque
673 588 769 653 dacus
792 587 922 653 virtutis
945 592 978 652 at
1000 588 1075 653 alba

77 709 78 750 l
195 677 198 681 ⁴
245 674 389 761 Atropos
411 680 444 741 et
466 676 593 761 patrius
613 678 724 741 laurus
746 676 897 760 promisit
918 675 1046 760 Apollo.

245 764 617 941 trtlltlltli?
627 765 1113 938 dlllllttllssttlll
1220 784 1253 831 ²⁰

1054 905 1063 936 7

246 964 339 1006 oman
362 947 438 1007 erat.
484 942 574 1007 venit
595 943 717 1008 totiens
739 942 860 1007 Lucina
882 943 1037 1027 piumque

245 1031 377 1096 intravit
400 1031 540 1115 repetita
562 1032 670 1096 laram.
716 1031 763 1095 sic
785 1031 915 1116 fertilis,
939 1053 1008 1115 or0‚

245 1123 308 1184 stat
332 1120 446 1185 domus
468 1124 501 1184 et
525 1120 617 1185 donis
639 1142 816 1203 numquam
839 1124 963 1183 mutata
986 1120 1127 1185 sacratisr

244 1213 357 1293 macte,
381 1209 467 1292 quod
490 1213 523 1273 et
545 1208 655 1293 proles
677 1208 741 1273 tibi
765 1209 893 1292 saepius
916 1213 1010 1273 aucta
1034 1209 1119 1274 virili
1219 1230 1251 1276 25

243 1297 372 1382 robore,
396 1298 452 1362 sed
475 1296 582 1362 iuveni
604 1297 754 1362 laetanda
777 1302 809 1362 ot
832 1298 924 1383 virgo
948 1298 1076 1380 parenti

244 1424 286 1431 —
309 1386 417 1469 aptior
439 1386 490 1451 his
513 1386 629 1473 virtus,
652 1385 747 1450 citius
771 1385 861 1450 dabit
884 1386 940 1450 illa
961 1390 1097 1470 nepotes
1121 1426 1172 1473 —,

244 1474 347 1557 qualis
369 1475 524 1540 maternis
546 1474 669 1539 Helene
692 1474 757 1539 iam
780 1474 877 1561 digna
900 1474 1069 1558 palaestris

243 1563 327 1627 inter
349 1563 541 1647 Amyclaeos
563 1564 716 1648 reptabat
739 1562 872 1629 candida
894 1564 1030 1648 fratres3

243 1651 295 1714 vel
319 1652 422 1734 qualis
445 1652 524 1716 caeli
547 1652 658 1737 facies,
681 1652 739 1716 ubi
761 1656 855 1718 nocte
879 1674 990 1716 serena
1217 1670 1251 1719 30

244 1738 413 1803 admovere
436 1740 530 1805 iubar
552 1740 675 1803 mediae
699 1740 762 1804 duo
787 1740 891 1804 sidera
913 1741 1016 1804 lunae.
1043 1679 1076 1835 li

307 1827 365 1891 aad
380 1850 496 1911 queror
513 1828 600 1891 haud
613 1828 732 1911 faciles
746 1829 898 1892 iuvenum
911 1828 1080 1915 rarissime,
1095 1835 1227 1913 questus

244 1915 425 1999 irascorque
449 1916 559 2001 etiam,
583 1921 738 2000 quantum
761 1916 943 1981 irascuntur
966 1921 1117 1982 amantes.

242 2008 373 2068 tantane
396 2026 447 2068 me
471 2004 578 2069 docuit
599 2004 726 2091 vulgari
749 2004 867 2090 gaudia
889 2006 973 2068 fama

242 2093 395 2161 noscere?
431 2114 566 2177 cumque
589 2092 653 2158 tibi
674 2092 799 2179 vagiret
823 2093 937 2157 tertius
961 2093 1079 2177 insane,
1215 2112 1248 2160 35

235 2181 390 2265 ¹protinus
412 2182 538 2269 ingenti
559 2181 736 2247 nonvenit
759 2181 873 2245 nuntia
895 2204 989 2246 cursu
1133 2254 1134 2261 ἵ

241 2269 363 2356 littera,
387 2292 467 2353 quae
491 2271 592 2335 festos
614 2270 776 2335 cumulare
800 2270 956 2334 altaribus
979 2270 1071 2355 ignes

242 2362 274 2422 at
297 2358 445 2423 redimire
469 2359 585 2444 chelyn
608 2363 782 2443 postesquc
806 2381 918 2423 ornare
941 2358 1068 2423 iuberet

77 2453 79 2540 ζ
158 2506 161 2511 ,
241 2444 433 2531 Albanoque
455 2448 568 2513 cadum
591 2448 775 2513 sordentem
796 2469 943 2531 promere
966 2448 1054 2511 fumo

242 2538 274 2599 et
297 2540 392 2599 cantu
414 2536 542 2623 signare
565 2536 663 2622 diem,
685 2536 741 2601 sed
763 2536 874 2601 tardus
897 2536 1045 2619 inersque
1213 2556 1247 2603 40

240 2645 326 2687 nunc
349 2623 477 2687 demum
498 2646 570 2689 moa
592 2630 668 2689 vota
690 2624 792 2690 cano?
834 2629 890 2688 tua
913 2623 1006 2708 culpa
1029 2628 1166 2709 tuusque

241 2711 293 2775 hio
316 2711 428 2794 pudor.
474 2713 609 2777 ulterius
632 2713 688 2776 sed
711 2712 796 2775 enim
819 2712 995 2796 producere
1019 2717 1151 2795 questus

241 2821 305 2863 non
327 2799 416 2883 lioet;
439 2821 478 2863 en
500 2800 613 2865 hilaris
635 2800 820 2865 circumstat
842 2800 939 2864 turba
962 2804 1091 2864 tuorum

242 2888 449 2971 defensatque
466 2893 600 2971 patrem.
638 2909 733 2971 quem
751 2911 816 2952 non
834 2888 895 2953 hoc
913 2887 1040 2973 agmine
1058 2888 1187 2955 vincas?

307 2976 339 3041 di
360 2975 471 3061 patrii,
494 2998 574 3060 quos
597 2976 741 3062 auguriis
764 2998 860 3060 super
883 2996 1021 3059 aequora
1044 2978 1169 3064 magnis
1211 2997 1244 3045 45

240 3064 318 3129 litus
340 3064 380 3128 ad
402 3063 583 3130 Ausonium
607 3063 734 3129 devexit
757 3063 900 3128 Abantia
923 3064 1045 3148 classis,
1085 3074 1096 3119 ⁸

240 3157 290 3237 tu,
313 3152 428 3218 ductor
447 3154 562 3238 populi
584 3155 681 3239 longe
704 3152 887 3239 migrantis,
911 3152 1042 3237 Apollo,

312 3352 344 3399 19
358 3346 453 3401 laurus
463 3347 618 3402 Krolmius:
633 3346 724 3400 lauro:
739 3346 833 3400 lauros
848 3362 864 3405 ς
878 3347 968 3417 aalys,
1012 3351 1044 3399 al
1059 3364 1109 3416 ger
1122 3349 1182 3417 (del.
1193 3350 1242 3417 ΠΙ)

239 3416 424 3485 tergeminae
476 3424 510 3472 24
528 3419 652 3473 mutata:
669 3416 778 3471 nudata
791 3417 976 3472 Marklaodas
1030 3422 1063 3471 26
1082 3418 1132 3472 sed
1149 3417 1243 3475 inveni

238 3486 373 3540 laetanda
386 3489 416 3540 et
428 3488 554 3544 Vollmer:
574 3490 624 3543 sed
642 3491 731 3559 (spem
745 3487 885 3558 Hortalus)
903 3486 997 3543 iuveni
1015 3486 1101 3542 letam
1116 3490 1177 3543 dat:
1193 3489 1243 3544 sed

238 3556 333 3612 iuveni
341 3556 503 3611 laetandast
511 3560 650 3615 Baehrens
695 3558 892 3614 aararissimez
908 3558 1077 3618 carissimas
1127 3560 1242 3615 38'redi-

239 3643 314 3682 more
376 3633 410 3681 39
428 3626 604 3697 Albanoque:
623 3628 782 3699 Albanique
802 3630 944 3685 Krolmias
997 3635 1032 3684 40
1050 3632 1147 3687 cantur
1166 3633 1242 3686 creta

239 3699 381 3754 Besalciaa
452 3700 513 3755 sed:
533 3700 572 3754 sic
590 3702 730 3757 Baehrens
801 3707 835 3756 46
854 3700 977 3756 Abantia
995 3717 1024 3760 ςι
1044 3700 1079 3756 ab
1099 3702 1182 3757 anxia

1048 3789 1082 3845 3*
