2925 4192
272 381 316 445 34
619 380 649 436 P.
668 379 792 434 mrim
810 379 927 434 surm

268 525 318 590 los
337 524 428 609 quasi
444 525 684 611 epigrammatis
698 524 770 589 loco
792 523 936 608 scriptos.
972 523 1103 587 eandem
1124 522 1276 609 exigebat

269 612 338 678 atili
359 612 549 678 facilitatem
575 614 625 678 leo
648 616 843 697 mansuetus,
866 634 961 697 quem
983 611 1017 675 in
1039 611 1275 695 amphitheatro

267 699 1277 788 prostratumfriffl'dumerat,sacratissimoImperatorinistatim

267 791 435 855 traderem.
471 791 511 854 ad
529 789 648 855 Ursum
672 811 799 873 quoque
821 793 976 873 nostrum,
999 787 1145 853 iuvenem
1168 788 1272 853 eandi-
1295 805 1331 853 ao

268 878 435 944 dissimum
454 883 487 943 et
504 878 573 943 sine
591 878 713 943 iactura
727 876 866 942 desidiae
881 875 1109 963 doctissimum,
1124 876 1276 961 scriptam

268 967 307 1031 de
338 967 455 1032 amisso
491 988 590 1050 puero
631 965 882 1032 consolationem
914 988 1009 1050 super
1041 988 1077 1031 ea
1105 987 1186 1049 quae
1213 964 1276 1049 ipsi

269 1055 368 1120 debeo
395 1055 470 1120 huic
497 1055 582 1120 libro
609 1055 750 1119 libenter
772 1054 905 1139 inserui,
933 1053 1008 1138 quie
1029 1054 1184 1119 honorem
1207 1052 1276 1118 eius

270 1143 333 1208 tibi
364 1143 489 1208 laturus
515 1147 655 1228 accepto.
705 1142 845 1207 excludit
875 1144 1025 1208 volumen
1051 1141 1275 1228 genethliacon

267 1231 397 1316 Lucani,
420 1233 506 1318 quod
523 1233 616 1297 Polla
632 1230 837 1318 Argentaria,
858 1230 1020 1296 rarissima
1038 1253 1183 1316 uxorum,
1202 1252 1275 1295 cum
1294 1247 1331 1296 30

257 1321 353 1385 hunc
385 1320 470 1385 diem
496 1320 581 1386 forte
608 1320 859 1406 consuleremus,
890 1319 1043 1404 imputari
1070 1319 1134 1384 sibi
1162 1318 1274 1384 voluit.

270 1431 331 1495 ego
353 1432 419 1474 non
441 1408 534 1493 potui
556 1409 709 1474 maiorem
731 1409 815 1473 tanti
834 1408 973 1474 auctoris
995 1409 1114 1473 habere
1132 1429 1274 1473 reueren-

267 1496 346 1561 tiam
369 1519 465 1581 quam
488 1498 574 1583 quod
595 1497 706 1562 laudes
730 1498 799 1562 eius
813 1496 956 1562 dicturus
969 1497 1173 1562 hexametros
1185 1518 1275 1561 meos

267 1585 370 1650 timui.
414 1586 493 1650 haec
521 1586 764 1670 qualiacumque
791 1590 880 1670 sunt,
906 1584 1022 1652 Melior
1044 1583 1220 1671 carissime,
1246 1583 1274 1647 si

267 1673 330 1739 tibi
347 1694 413 1738 non
427 1673 655 1759 displicuerint,
673 1678 739 1739 ate
752 1674 918 1759 publicum
932 1674 1102 1761 accipiant3
1117 1672 1144 1739 si
1158 1672 1274 1761 minus,
1293 1690 1329 1739 35

267 1762 308 1827 ad
330 1784 380 1827 me
403 1767 611 1829 revertantur.

758 2292 783 2358 Ι.

403 2430 578 2487 eunucus
597 2432 720 2486 ΔΤΕΒΠ
737 2431 907 2487 MELIORIS
926 2432 1133 2488 DELIOA'I'US.

332 2558 424 2635 Quod
445 2558 510 2623 tibi
532 2558 709 2643 praerepti,
731 2557 856 2644 Melior,
879 2559 1021 2625 solamen
1044 2558 1180 2644 alumni,

264 2647 434 2732 improbus
457 2651 531 2712 ante
554 2670 651 2734 rogos
674 2651 706 2711 et
729 2647 834 2731 adhuc
854 2648 981 2713 vivente
1003 2647 1114 2713 favilla

265 2735 392 2801 ordiar?
423 2735 573 2820 abruptis
596 2736 693 2801 etiam
714 2758 800 2802 nuno
822 2736 932 2801 flebile
954 2736 1044 2801 venis

262 2826 379 2890 vulnus
400 2825 479 2910 hiat,
500 2847 698 2911 magnaeque
720 2828 811 2909 petet
834 2826 886 2889 via
907 2825 1032 2891 lubrica
1054 2824 1178 2911 plagae.

265 2936 337 2979 cum
360 2914 424 2978 iam
447 2918 575 3000 egomet
597 2918 709 2979 cantus
732 2917 765 2977 et
788 2914 886 2979 verba
904 2913 1064 2979 medentia
1082 2934 1194 2977 saevus
1305 2931 1322 2979 5

264 3001 407 3086 confero,
429 3005 466 3065 tu
488 3002 637 3086 planctus
658 3002 863 3086 lamentaque
885 3003 983 3067 fortia
1005 3002 1107 3067 mavis

265 3089 425 3173 odistique
448 3089 564 3175 chelyn
586 3090 745 3175 surdaque
768 3092 921 3156 averteris
943 3114 1027 3155 eure.

263 3177 459 3260 intempesta
481 3201 573 3245 cano:
596 3179 691 3244 citius
713 3202 765 3243 me
787 3178 883 3266 tigris
906 3180 1028 3244 abactis

334 3441 563 3498 decorissimum
634 3446 668 3494 28
687 3441 775 3496 debeo
794 3458 823 3501 5:
843 3442 930 3497 debeo
1000 3447 1033 3495 29
1052 3440 1197 3498 Excludlt=
1215 3444 1267 3497 est.

263 3513 353 3568 eludit
370 3514 536 3584 Modoipius
557 3513 639 3581 (idem
660 3529 722 3567 cum
740 3528 769 3572 s:
793 3515 951 3585 acceptum)
1058 3517 1093 3565 30
1110 3511 1267 3567 rarissima:

263 3582 410 3637 carissima
426 3582 467 3636 11¹
572 3587 606 3635 33
624 3581 695 3637 seius
714 3583 738 3652 (l
750 3585 833 3653 priua
849 3585 899 3640 del.
918 3583 967 3654 11¹,
994 3600 1054 3666 exp.
1073 3582 1124 3652 11¹)

333 3654 353 3708 I.
370 3661 389 3708 t
408 3653 518 3709 confero
536 3673 565 3707 az
593 3670 708 3708 consero
779 3654 892 3724 plantus
963 3670 1053 3709 mans
1075 3654 1117 3707 1¹
1140 3656 1173 3709 io
1199 3672 1267 3725 mc:

262 3742 361 3780 manus
432 3726 502 3779 sab
520 3724 591 3779 actis
