2925 4192
482 313 486 321 ’
558 351 744 406 0111111111
761 352 791 406 1.
806 351 826 419 1,
842 357 865 405 a.
1176 353 1214 415 17

210 498 316 563 vincla
338 498 394 562 diu
417 497 562 581 quaesita
583 498 669 562 fove:
692 496 739 561 sic
762 495 877 561 damna
900 496 1022 561 decoris
1165 513 1216 565 271

210 584 647 672 nullatibi310ngeriridis
670 584 716 650 sie
738 586 817 649 flore
840 584 988 649 iuventae

209 676 384 761 perdurent
405 675 523 760 vultus,
546 674 699 758 tardeque
721 674 801 737 haec
823 674 927 737 forma
950 678 1100 739 senescat.

683 938 739 1004 111.

384 1078 492 1133 VILLA
510 1078 710 1133 uffluuumn
728 1076 871 1133 MANILH
890 1078 1038 1133 VOP1sc1.

276 1204 411 1270 Cernere
432 1205 563 1271 fecundi
586 1205 688 1269 Tibur
710 1206 845 1291 glaciale
869 1204 1002 1289 Vopisci

208 1294 236 1359 si
260 1294 332 1377 quis
356 1299 388 1358 et
411 1294 532 1360 inserto
555 1294 702 1379 geminos
724 1294 848 1359 Aniene
871 1294 1004 1377 penates

209 1386 265 1446 aut
288 1382 397 1466 potuit
420 1383 525 1449 sociae
544 1383 733 1447 commercia
756 1405 886 1447 noscere
909 1383 1000 1467 ripae

208 1472 425 1555 certantisque
448 1472 511 1539 sibi
536 1471 699 1535 dominum
722 1471 891 1553 defendere
913 1472 1014 1556 villas,
1090 1542 1095 1560 ,

207 1558 301 1624 illum
323 1582 382 1625 nec
405 1561 506 1625 calido
530 1559 660 1625 latravit
683 1559 786 1625 Sirius
809 1564 904 1647 astro,
1201 1580 1216 1626 5

207 1670 267 1713 nee
289 1649 395 1734 gravis
419 1649 546 1733 aspexit
567 1648 708 1714 Nemeae
730 1650 882 1714 frondent
883 1649 911 1713 is
868 1650 1094 1715 talumnus:

126 1768 127 1771 ¹
208 1737 283 1801 talis
305 1737 408 1801 biems
430 1737 506 1801 tect
497 1760 533 1821 rs,
556 1738 710 1823 frangunt
733 1738 780 1803 sic
802 1738 952 1821 improba
975 1740 1077 1804 solem

207 1826 337 1926 frigora,
358 1826 571 1909 Pisaeumque
594 1826 708 1890 domus
730 1848 796 1891 non
818 1830 943 1892 aestuat
966 1849 1092 1891 aunum

274 1914 346 1998 ipsa
366 1937 465 1979 -manu
488 1919 598 1979 tenera
620 1918 728 1979 tecum
752 1914 917 1998 scripsisse
940 1914 1100 1998 Voluptas

206 2096 284 2155 tunc
307 2091 418 2157 Venus
439 2091 549 2156 Idaliis
572 2091 666 2155 unxit
652 2092 763 2155 ttfas
739 2092 820 2177 trgia
844 2092 927 2155 sucis
1182 2111 1214 2159 10

207 2180 440 2265 permulsitque
464 2180 563 2245 comis
586 2180 806 2264 blandumque
828 2180 960 2263 reliquit
983 2180 1138 2246 honorem

207 2268 346 2354 sedibus
369 2274 402 2333 et
424 2269 569 2335 volucres
591 2269 696 2334 vetuit
719 2269 878 2333 discedere
901 2272 1003 2333 natos.

273 2380 292 2421 o
315 2358 449 2443 longum
472 2358 676 2423 memoranda
700 2358 781 2422 dies!
814 2380 894 2442 quae
914 2362 1020 2422 mente
1039 2364 1169 2443 reporto

205 2446 336 2531 gaudia,
361 2469 457 2530 quam
480 2447 582 2512 lassos
604 2469 663 2530 per
685 2452 735 2511 tot
759 2447 912 2511 miracula
933 2446 1034 2511 visus!

206 2534 373 2620 ingenium
396 2557 492 2619 quam
515 2536 593 2599 mite
617 2537 698 2600 solo!
736 2557 818 2620 quae
840 2536 943 2599 forma
967 2536 1071 2600 beatis
1179 2556 1211 2602 15

205 2627 281 2687 ante
304 2645 418 2687 manus
441 2628 606 2708 artemque
629 2624 721 2689 locis!
753 2645 819 2688 non
842 2624 964 2709 largius
987 2646 1121 2707 usquam

205 2710 343 2775 indulsit
365 2710 490 2776 Natura
513 2712 584 2775 sibi.
621 2734 752 2776 nemora
776 2712 841 2775 alta
864 2712 972 2775 citatis

204 2798 381 2863 incubuere
404 2799 506 2884 vadis3
528 2798 627 2862 fallax
649 2803 819 2883 responsat
842 2799 949 2885 imago

205 2886 387 2970 frondibus
404 2890 437 2949 et
454 2849 569 2971 lorigas
588 2887 697 2951 eadem
714 2886 802 2973 fugit
821 2888 935 2951 umbra
953 2909 1011 2971 per
1029 2887 1171 2951 undas

203 2976 277 3059 ipsc
294 2973 463 3040 Anien—
481 2975 625 3039 miranda
642 2976 782 3040 fides—
801 2974 947 3059 infraque
966 2998 1124 3060 superque
1180 2995 1213 3042 10

203 3086 322 3128 saxeus
344 3063 397 3127 hic
421 3064 576 3128 tumidam
598 3064 722 3129 rabiem
746 3086 959 3148 spumosaque
983 3064 1076 3148 ponit

204 3174 378 3239 murmura,
401 3174 459 3217 ceu
482 3152 599 3237 placidi
623 3154 744 3218 veritus
765 3153 897 3217 turbare
920 3153 1054 3237 Vopisci

277 3346 323 3401 III.
342 3364 422 3401 rmus
437 3377 442 3387 ·
458 3365 599 3399 1111111111
614 3377 620 3387 ·
635 3364 773 3399 mamm
789 3377 794 3387 ·
809 3364 933 3399 vorrser·
1015 3346 1154 3401 2inserto
1173 3366 1210 3401 m:

203 3416 325 3472 insertos
433 3423 449 3470 9
467 3420 561 3471 tecum
579 3416 735 3487 scripsisse:
759 3419 787 3471 te
812 3416 874 3470 vult
893 3416 1037 3486 scripsisse
1056 3419 1210 3473 Krobus'us:

203 3489 311 3542 tectum
328 3486 507 3557 inscripsitne
522 3489 749 3556 Wuctsmutbiua,
763 3490 797 3556 cf.
804 3489 893 3557 praef.
899 3511 910 3557 ;
922 3489 1002 3543 nulla
1017 3490 1118 3543 lacuna
1131 3490 1163 3543 a'rr
1176 3494 1210 3553 Π,

202 3577 287 3628 quam
308 3563 409 3615 statuit
426 3560 621 3615 schwartzius:
643 3561 672 3612 te
691 3558 888 3628 conscripsisse
907 3559 963 3615 Leo
1045 3564 1076 3612 11
1096 3558 1211 3627 reliquit

202 3630 297 3700 1¹(?):
315 3630 451 3699 relinquit
519 3636 552 3682 14
570 3630 672 3684 lassos:
691 3628 783 3685 lassus
792 3631 927 3685 Heinsius
1000 3632 1117 3684 ruente
1135 3631 1210 3685 Bur-

202 3702 314 3755 sicrrus:
334 3705 394 3755 arte
465 3706 499 3754 20
516 3700 577 3769 ipse
597 3701 679 3755 anien
698 3717 727 3759 s:
745 3702 811 3771 Ipsa
831 3702 925 3755 autem

260 3797 343 3839 Srsrrr
357 3799 453 3841 Suam.
584 3817 598 3842 a
1034 3795 1049 3841 2
