2925 4192
562 384 594 437 P.
612 382 736 436 PAPINI
755 380 872 436 snam

300 529 405 615 qualis
429 528 610 613 uinyphjus
633 532 761 593 taeente
783 528 855 611 ripa

298 619 424 683 Poenos
445 618 594 703 Bagrada
616 618 719 701 serpit
741 616 827 681 inter
848 638 957 702 agree,

300 708 357 772 sed
379 707 454 772 talis
476 707 573 792 ferar,
597 711 634 771 ut
656 706 782 771 nitente
806 727 901 770 eursu

300 796 512 881 tranquillum
535 818 622 860 mare
645 795 894 879 proximumque
917 792 1041 877 possim

301 907 384 970 puro
407 884 538 972 gurgite
561 906 736 968 provocare
759 881 881 947 Lirim?

366 974 445 1039 haee
467 974 571 1038 amnis
594 972 779 1057 pariterque
803 993 837 1035 se
859 972 981 1035 levarat

299 1062 425 1149 ingenti
448 1063 546 1148 plaga
568 1066 762 1127 marmorata
785 1061 887 1125 dorso.

299 1153 396 1217 huius
419 1152 516 1216 ianua
537 1172 793 1235 prosperumque
816 1150 916 1213 limen

301 1263 406 1325 arcus,
429 1240 595 1326 belligeris
618 1239 708 1304 duois
730 1238 872 1323 tropaeis

301 1335 333 1395 et
355 1330 435 1395 totis
456 1329 614 1415 Ligurum
635 1329 744 1393 nitens
766 1327 920 1410 metallie,

301 1424 441 1504 quantus
462 1418 576 1483 nubila
598 1417 654 1501 qui
677 1420 809 1483 coronet
831 1416 937 1480 imbri.

301 1508 369 1572 illio
391 1507 533 1573 flectitur
555 1506 680 1571 excitus
701 1505 820 1590 viator,

301 1596 369 1660 illie
391 1596 502 1680 Appia
524 1617 558 1660 se
581 1595 669 1659 dolet
691 1594 839 1678 relinqui.

304 1690 381 1750 tuno
402 1685 543 1749 velocior
565 1683 732 1768 acriorque
756 1705 879 1766 oureus,
920 1742 922 1745 ,

302 1779 380 1839 tuno
402 1774 492 1858 ipsos
515 1774 605 1837 iuvat
627 1772 769 1857 impetus
792 1770 928 1857 iugales3

301 1884 360 1927 eeu
382 1862 476 1928 fessis
499 1861 557 1927 ubi
580 1862 741 1948 remigum
762 1859 890 1925 lacertis

304 1952 427 2036 primae
450 1951 583 2016 ambesa
604 1950 778 2035 ventilatis,
801 1970 903 2013 aurae.

305 2064 382 2128 ergo
406 2062 531 2123 omneS,
554 2062 627 2126 age,
650 2061 732 2123 quae
755 2038 816 2103 sub
840 2060 900 2101 axe
923 2036 1030 2120 primo
1061 2036 1062 2039 ’

303 2130 442 2195 Romani
465 2129 571 2194 colitis
593 2128 690 2192 fidem
712 2127 871 2211 parentia,

304 2240 407 2302 prono
430 2217 535 2282 limite
557 2221 733 2281 commeate
757 2219 884 2302 gentes,

230 2336 234 2371 ς
302 2307 390 2371 ane
412 2306 509 2370 eitius
530 2305 637 2369 venite
659 2305 777 2369 laurus.

302 2396 350 2459 nil
373 2394 483 2460 obstat
505 2393 645 2477 cupidis,
666 2393 750 2458 nihil
773 2396 928 2457 moratur:

304 2483 359 2567 qui
383 2483 488 2567 primo
511 2481 656 2547 Tiberim
677 2481 832 2565 relinquit
856 2485 941 2566 ortu,

305 2572 411 2656 primo
434 2593 567 2656 vespere
589 2570 721 2656 naviget
743 2570 924 2635 Lucrinum.

374 2660 430 2725 sed
452 2683 550 2745 quam
571 2660 635 2724 fine
657 2660 728 2724 viae
751 2658 888 2725 recentis
910 2658 989 2741 imo,

307 2772 371 2835 qua
393 2753 551 2814 monstrat
573 2753 697 2813 veteres
718 2748 840 2833 Apollo
864 2746 993 2833 Cumas,

305 2839 412 2904 albem
436 2838 580 2904 crinibus
602 2837 777 2922 infirlieque
800 2838 909 2902 oerno!

304 2928 377 2993 visu
398 2928 562 2993 fallimur?
585 2949 627 2991 en
649 2927 747 2992 saeris
770 2927 812 2992 ab
835 2925 936 2991 antris

305 3015 975 3189 eserieieperiure.

305 3198 395 3258 vates
417 3155 558 3257 salietior
580 3155 709 3277 incipit,
732 3193 902 3258 tacendum
924 3196 982 3257 est.
1175 3208 1226 3255 120

290 3462 324 3511 99
340 3459 480 3511 ίωοθητθε
521 3455 630 3510 iacente
662 3456 857 3526 Peyrareduar
881 3458 994 3512 latente.
1007 3504 1008 3507 ,
1021 3456 1171 3512 Schrader·
1200 3476 1217 3504 a

219 3533 253 3581 95
271 3527 393 3583 leverat:
412 3527 529 3581 levabat
546 3544 563 3586 ς
639 3531 673 3580 96
686 3530 850 3581 'memorata
938 3532 972 3581 98
990 3527 1147 3597 belligeris:
1165 3526 1228 3588 bel-¹

219 3598 334 3667 ligerio
418 3601 471 3653 109
489 3596 585 3652 imbri:
603 3596 676 3656 Iria
763 3604 812 3652 101
831 3598 946 3653 feotitur
1030 3604 1082 3653 104
1099 3598 1178 3668 ipsos
1196 3608 1225 3657 ’ςε

219 3668 281 3739 ipso
388 3673 440 3723 199
466 3668 611 3723 ventilatis
638 3670 675 3737 (-
691 3686 783 3739 eupers
800 3686 821 3725 a
845 3677 870 3725 et
896 3671 960 3725 odd.
986 3678 1011 3725 et
1034 3671 1084 3725 del.
1104 3668 1154 3739 1¹)

221 3747 272 3795 114
289 3740 346 3795 imo
365 3759 393 3795 a:
412 3756 467 3795 uno
532 3745 582 3794 118
601 3739 710 3794 Profest
728 3740 907 3795 calehidirae-
960 3737 1153 3811 ·,119'ropone
