2925 4192
560 354 745 409 snvnnuu
764 354 793 410 L.
808 354 854 424 IV,
869 362 893 409 4.
1171 356 1237 421 105

225 498 392 583 litoribus,
414 499 533 563 fractas
555 498 614 563 ubi
636 499 774 564 Vesvius
797 499 893 585 erigit
916 499 990 586 iras,

225 588 351 652 aemula
374 587 547 652 Trinacriis
568 588 700 653 volvens
722 588 870 651 incendia
891 589 1037 654 flammis.
1201 608 1237 656 80

223 676 306 741 mira
327 677 420 742 fides!
456 677 604 741 credetne
625 676 731 741 virum
753 681 889 741 ventura
911 700 1071 764 propago,

223 788 297 830 cum
316 770 442 852 segetes
461 765 588 850 iterum,
607 787 681 830 cum
699 765 764 829 iam
781 764 860 830 haec
880 766 1005 831 deserta
1023 768 1185 855 virebunt,

224 854 309 919 infra
331 854 431 919 urbes
452 854 656 939 populosque
679 854 785 939 premi
807 854 1018 939 proavitaque
1041 861 1129 923 tosto

223 965 299 1007 rura
321 943 440 1008 abiisse
463 943 566 1008 mari?
602 944 740 1007 necdum
761 943 857 1007 letale
880 943 996 1008 minari

224 1036 327 1097 cessat
350 1054 442 1117 apex.
487 1033 600 1116 procul
623 1032 686 1097 ista
708 1036 766 1098 tuo
790 1032 856 1097 sint
879 1033 946 1097 fata
968 1033 1061 1099 Teati
1202 1052 1237 1101 85

222 1143 282 1185 nec
304 1121 504 1186 Marrucinos
527 1125 603 1207 agat
625 1121 704 1185 haec
727 1120 852 1185 insania
874 1125 1010 1186 montes

289 1231 375 1274 nunc
398 1209 425 1273 si
448 1210 532 1274 forte
555 1210 741 1294 meisquae
765 1210 831 1275 sint
854 1210 984 1275 exordia
1007 1211 1108 1276 musis

225 1298 306 1363 scire
329 1298 429 1383 petis,
453 1298 518 1363 iam
540 1297 689 1364 Sidonios
712 1321 841 1363 emensa
863 1299 992 1365 labores

222 1386 364 1452 Thebais
387 1391 500 1472 optato
524 1387 657 1473 collegit
680 1388 813 1453 carbasa
835 1392 934 1472 portu

222 1475 421 1560 Parnasique
444 1476 531 1563 iugis
554 1476 700 1562 silvaque
723 1476 912 1542 Heliconide
935 1477 1028 1543 festis
1202 1496 1237 1544 90

224 1569 298 1630 tura
321 1565 408 1629 dedit
430 1565 570 1630 flammis
592 1571 625 1630 et
647 1565 784 1652 virginis
808 1570 883 1630 exta
905 1565 1058 1630 iuvencae

222 1653 423 1737 votiferaque
446 1676 534 1718 meas
557 1654 727 1738 suspendit
751 1654 791 1718 ab
816 1655 930 1719 arbore
953 1655 1062 1719 vittas.

223 1741 309 1806 nunc
330 1764 449 1806 vacuos
471 1742 575 1806 crines
598 1743 662 1807 alio
686 1742 777 1807 subit
799 1743 902 1807 infula
924 1765 1023 1808 nexu:
1101 1753 1103 1755 ’

223 1830 320 1895 Troia
339 1830 469 1914 quidem
487 1852 687 1916 magnusque
705 1830 787 1894 mihi
806 1835 985 1915 temptatur
1003 1831 1161 1917 Achilles,

225 1919 279 1983 sed
296 1923 391 1984 vocat
409 1918 589 1983 arcitenens
608 1919 671 1983 alic
691 1922 785 2003 pater
803 1941 954 2003 armaque
973 1924 1133 1985 monstrat
1202 1937 1237 1985 95

222 2007 361 2073 Ausonii
383 2006 505 2072 maiora
528 2007 625 2072 ducis,
671 2008 772 2073 trahit
795 2007 937 2092 impetus
959 2007 1016 2073 illo

223 2097 288 2161 iam
306 2096 433 2182 pridem
451 2096 651 2182 retrahitque
669 2096 776 2161 timor.
814 2097 989 2161 stabuntne
1008 2098 1069 2161 sub
1088 2096 1145 2161 illa

223 2186 308 2251 mole
331 2186 435 2250 umeri
458 2208 499 2249 an
522 2208 641 2272 magno
665 2185 812 2250 vincetur
834 2186 976 2270 pondere
1000 2186 1130 2251 cervix?

223 2275 287 2359 dic,
309 2275 474 2360 Marcelle,
496 2274 619 2339 feram?
656 2275 773 2340 fluctus
796 2296 838 2339 an
860 2279 952 2339 sueta
974 2274 1114 2340 minores

222 2386 317 2429 nosse
340 2364 420 2429 ratis
441 2364 586 2429 nondum
607 2362 708 2428 Ioniis
731 2363 887 2428 credenda
910 2363 1062 2448 periclis?
1185 2380 1237 2429 100

289 2453 417 2537 iamque
435 2452 506 2517 vale
525 2456 558 2517 et
576 2453 707 2537 penitus
725 2452 794 2518 voti
813 2452 875 2517 tibi
894 2452 978 2517 vatis
995 2453 1152 2518 honorem

223 2541 317 2605 corde
341 2542 428 2606 exire
446 2545 528 2606 veta.
569 2564 629 2606 nec
652 2542 740 2606 enim
761 2542 951 2626 Tirynthius
998 2566 1014 2602 s
1061 2566 1077 2603 s
1123 2566 1141 2605 a
1186 2566 1203 2605 a

224 2630 1080 2695 *svassssssssvalmae

224 2722 338 2802 pectus
361 2718 534 2802 amicitiae3
557 2718 649 2783 cedet
671 2718 735 2783 tibi
757 2719 861 2804 gloria
883 2718 940 2782 fidi

223 2807 374 2891 Theseos,
396 2810 430 2871 ct
451 2806 593 2871 lacerum
617 2807 672 2890 qui
695 2807 780 2871 circa
801 2807 929 2871 moenia
951 2807 1065 2871 Troiae

222 2895 407 2960 Priamiden
430 2916 522 2960 caeso
546 2895 664 2960 solacia
686 2895 787 2959 traxit
810 2894 920 2959 amico.
1185 2912 1237 2960 105

296 3093 328 3142 79
348 3087 467 3144 Vesvius
487 3105 516 3147 r:
544 3104 579 3142 ve
598 3106 663 3142 suus
754 3086 839 3159 erigit
857 3104 887 3146 ςε
916 3086 1006 3156 eriget
1096 3093 1130 3142 80
1148 3087 1236 3143 trina-

223 3160 289 3215 criis
307 3160 361 3215 1¹:
378 3158 528 3214 trinacrius
597 3165 631 3213 83
649 3161 724 3214 tosto
744 3160 873 3215 Vollmer:
892 3160 967 3214 toto:
987 3162 1065 3213 cocto
1080 3160 1235 3215 Krclmt'cs:

222 3235 284 3287 tcta
311 3232 479 3303 Grcstcrqer
549 3235 583 3285 85
602 3234 652 3285 tuo
679 3229 738 3285 sint
764 3232 813 3301 (sic
840 3233 897 3285 tam
924 3232 964 3285 ert.
984 3231 1152 3301 Parmensis)
1175 3231 1236 3285 sata

223 3303 305 3358 Teati
322 3304 455 3371 Imltcfiuc
472 3303 540 3372 (cici
556 3304 627 3371 forte
644 3319 698 3358 oca
719 3302 799 3357 reae
819 3308 852 3357 at
869 3302 955 3357 Reate
977 3303 1181 3358 tccecttccbttts
1199 3310 1238 3358 cst

222 3377 405 3445 tuendumque
423 3390 439 3428 e
456 3374 563 3443 ficalclz
582 3376 645 3428 tuos
664 3372 695 3427 in
712 3374 775 3427 fata
792 3375 882 3429 teate:
900 3372 955 3427 tibi
973 3372 1031 3427 sint
1052 3372 1126 3442 fata,
1148 3372 1237 3428 Teate

223 3447 411 3503 Marklandaa
482 3450 515 3499 86
534 3444 707 3499 Marrucinos
727 3463 757 3505 ς;
775 3460 856 3498 maur
874 3445 935 3514 (del.
954 3444 1004 3515 11)
1022 3444 1182 3498 marucinos

223 3524 257 3573 91
275 3517 410 3572 iuvencae
501 3520 551 3570 101
570 3515 643 3571 voti:
661 3516 722 3571 noti
741 3534 758 3577 ς
842 3514 989 3571 honorem:
1009 3531 1132 3569 amorem
1151 3533 1165 3568 c

224 3596 275 3643 102
294 3589 424 3646 laccorum
441 3590 541 3644 statuit
553 3588 609 3643 Leo
628 3606 689 3644 cuca
702 3588 887 3657 Martlccdo;
905 3587 980 3642 locos
997 3589 1073 3641 curie
1090 3592 1237 3657 temptatas
