2925 4192
608 358 812 415 PRAEFATIO

377 615 445 694 §a
489 616 544 676 on
568 615 802 676 amussim
823 615 1040 678 Poccrauo.

267 778 370 820 omnes
391 759 505 822 codices
527 759 659 820 novicios
682 758 720 820 ad
742 759 947 820 Matritensem
968 759 1064 821 redire
1091 759 1213 820 demon·

201 850 370 913 stravimus.
415 849 550 925 sequitur
581 850 615 907 ui
645 848 844 924 inquiramus,
872 867 1019 925 quaenam
1046 848 1214 910 intercedat

83 948 84 952 ’
202 939 281 1000 raiio
312 939 392 998 inter
418 957 486 998 eum
513 940 544 997 ei
570 936 764 1015 apographon
791 935 993 1014 Sangallenais
1023 937 1076 1013 qni
1102 936 1216 998 dicitnr

202 1026 273 1088 libri
291 1047 310 1087 a
327 1027 441 1105 Poggio
459 1027 491 1086 in
509 1026 631 1088 Italiam
652 1026 867 1086 uansmissom.
898 1028 989 1102 atquc
1007 1025 1215 1088 Matritensem

83 1153 85 1210 ἱ
200 1117 233 1176 in
251 1116 344 1176 Italia
361 1134 421 1176 non
439 1115 582 1191 scriptum
598 1133 662 1174 esse
679 1115 763 1191 ipsae
779 1115 949 1174 litterarum
966 1114 1079 1174 formae
1097 1114 1213 1175 docent.

83 1251 85 1288 ὲ
201 1202 296 1282 quid?
319 1204 399 1282 quod
420 1203 549 1264 codicem
572 1223 591 1263 a
613 1200 762 1263 Germano
784 1204 984 1279 conscfiptum
1005 1220 1068 1263 esse
1090 1202 1211 1263 Lcewio

199 1295 261 1372 ipsi
283 1294 380 1354 visum
402 1291 467 1352 asi?
489 1312 525 1353 nc
546 1311 650 1352 revera
671 1293 735 1369 ipse
757 1291 940 1352 Matritensis
966 1291 1046 1354 idem
1068 1290 1143 1352 liber
1166 1294 1212 1351 est

201 1403 292 1460 quem
318 1382 450 1460 Poggius
480 1401 535 1458 per
565 1381 751 1442 Brundinum
779 1381 923 1443 Pisanum
953 1380 993 1440 ad
1023 1379 1214 1441 meacm

83 1533 84 1566 ἶ
201 1471 371 1532 Barbarum
395 1471 486 1530 misii
530 1487 591 1530 una
617 1489 684 1529 cum
715 1469 840 1552 Manilio
868 1468 948 1530 stati
980 1468 1080 1529 Silvae
1108 1468 1145 1529 ab
1178 1485 1241 1529 eo·

83 1589 86 1658 ζ.
199 1561 341 1620 inventae
377 1561 460 1620 suni:
494 1577 556 1618 una
586 1577 653 1618 cum
685 1559 789 1618 eodem
819 1561 938 1620 exstant
973 1558 1006 1618 in
1036 1558 1214 1618 Matritenai.

201 1649 327 1710 man'mi
344 1666 414 1708 vcro
432 1647 574 1708 momenti
593 1651 639 1712 esi
656 1648 737 1724 quod
754 1650 938 1708 correctnuae
950 1638 995 1708 Μ’
1007 1648 1101 1724 ipsius
1117 1647 1215 1725 Poggi

200 1756 295 1800 mann
316 1737 414 1798 faciae
436 1740 514 1796 sunt.
559 1736 590 1797 id
614 1736 693 1812 quod
721 1736 758 1796 fit
783 1737 936 1814 perspicue
962 1737 1143 1812 comparatis
1170 1736 1215 1796 eis

83 1825 84 1848 ³
200 1825 362 1901 codicibus,
376 1844 449 1902 qnos
463 1825 502 1885 ab
519 1825 573 1885 ilio
592 1825 774 1901 consciipios
792 1843 855 1886 esee
872 1826 952 1885 inter
968 1842 1070 1885 omnes
1088 1826 1214 1885 maslai.

201 1915 370 1978 cohaesisse
388 1914 539 1991 quondam
556 1912 690 1990 quolibet
707 1913 795 1972 modo
813 1912 905 1973 libros
922 1913 1111 1973 Mauiienaes
1129 1913 1212 1972 Mal

200 2006 235 2064 ei
247 2004 276 2063 X
288 2006 328 2063 81
345 2021 436 2080 supra
452 2002 620 2063 monuimus
638 2001 729 2078 p.[X:
743 2002 771 2060 X
783 2003 824 2061 81
840 2003 941 2060 autem
955 2002 1088 2061 continet
1104 2000 1216 2062 Asconi

82 2093 83 2160 j
200 2093 328 2152 Pediani
350 2093 382 2151 in
404 2091 562 2152 nonnullas
586 2089 734 2152 Ciceronis
761 2090 910 2151 orationes
932 2090 1159 2150 commentarios
1182 2092 1215 2149 et

200 2181 307 2242 Valeri
323 2180 424 2242 Flacci
445 2181 462 2239 Ι
482 2179 680 2240 1-1V317.
718 2179 773 2239 hos
796 2180 931 2239 auctores
954 2198 973 2238 a
990 2178 1105 2257 Poggic
1122 2178 1214 2255 paulo

203 2273 275 2332 ante
293 2269 460 2345 Manilium,
475 2268 582 2328 Silium
600 2267 757 2344 Silvasque
775 2270 908 2344 repertos
927 2286 989 2327 esse
1008 2268 1123 2328 scimua
1147 2266 1215 2326 sub·

202 2359 328 2436 scriptio
361 2360 461 2419 autem
491 2360 560 2435 posi
581 2357 648 2419 Val.
667 2357 763 2418 sleec.
782 2355 826 2415 IV
840 2358 946 2416 317
936 2377 969 2415 m
999 2356 1082 2417 Xssl
1116 2358 1216 2416 exstat

82 2451 84 2466 '
201 2449 290 2508 hacc:
328 2445 360 2508 O.
383 2447 477 2507 ociori
498 2449 582 2520 flocci
604 2449 820 2521 cromaticos.
865 2445 932 2505 Hoc
952 2446 1149 2520 fragmeauam
1169 2462 1215 2504 re·

201 2541 318 2616 patum
349 2540 392 2595 cst
420 2538 454 2595 ia
483 2538 657 2596 monasterio
688 2537 782 2594 emaci
806 2536 880 2610 galli
902 2552 997 2608 prope
1022 2535 1217 2594 mamam

206 2625 272 2685 XX
296 2625 414 2685 vadibus
435 2643 583 2699 pascnan
608 2642 672 2684 arro
700 2641 766 2683 cara
787 2623 930 2700 porth.
954 2623 1213 2698 ocwaiipcdicni.

202 2715 277 2774 decas
299 2715 435 2773 coacedet
456 2714 540 2773 alteri
566 2717 600 2772 at
624 2717 778 2786 amotae
798 2730 872 2786 opus
893 2714 1021 2785 reperiat
1040 2711 1215 2786 persceoran.

202 2803 269 2863 Nos
291 2803 368 2878 quod
384 2804 536 2876 pommus
558 2803 676 2876 egimue.

820 2889 947 2962 Poggius
968 2888 1146 2960 normam

271 2998 320 3058 hic
352 2997 443 3057 codex
474 2997 511 3057 ab
544 2995 645 3056 eodem
677 2998 813 3055 exaratus
840 2997 899 3070 eei,
922 2994 974 3071 qui
999 2995 1086 3055 notas
1107 2984 1152 3054 ll²
1179 2994 1211 3052 in

202 3086 375 3146 Mauiiensi
389 3085 504 3145 addidit
516 3088 657 3161 ictusque
667 3085 820 3144 character
828 3082 974 3143 scribendi
984 3102 1074 3159 quam
1085 3083 1215 3142 maxime

203 3175 321 3236 accedit
343 3175 382 3236 ad
403 3177 490 3234 notas
512 3174 717 3233 interlineares
744 3173 793 3233 val
819 3172 1000 3250 marginales
1022 3171 1132 3232 codicis
1151 3171 1214 3230 Ha-

205 3265 393 3325 milionensis
418 3264 490 3338 166,
521 3281 608 3339 quem
638 3281 656 3322 a
684 3262 799 3341 Poggio
828 3263 893 3338 ipso
916 3262 1129 3338 transcriptum
1151 3279 1214 3320 esee

203 3373 243 3412 ex
264 3352 396 3412 Mediceo
423 3351 476 3411 illo
500 3349 648 3412 Ciceronis
678 3351 717 3410 ad
739 3350 874 3411 Atticum
903 3350 1099 3427 epistularum
1127 3367 1213 3408 nemo

207 3443 308 3503 nescii.
354 3443 442 3500 notae
472 3443 572 3500 autem
602 3439 733 3500 eiusdem
761 3458 867 3499 manus
896 3441 966 3499 suni
995 3442 1085 3514 nique
1114 3440 1214 3497 tentus

206 3531 278 3607 ipse.
320 3529 394 3589 adde
418 3529 497 3605 quod
523 3530 555 3588 in
577 3529 659 3589 X81
684 3529 736 3588 fol.
753 3532 860 3588 1-17
890 3527 1035 3588 nonnulla
1062 3546 1097 3585 ex
1124 3525 1214 3585 Ohro·

205 3619 273 3678 nico
297 3617 453 3696 Sigisberii
477 3617 696 3678 Gemblacensis
718 3621 767 3678 sat
788 3618 938 3694 velociter,
959 3618 995 3675 ni
1016 3615 1143 3690 videtur,
1166 3633 1214 3673 ex-

205 3708 319 3784 scripta
337 3709 415 3782 anni,
433 3726 522 3783 quem
540 3725 558 3766 a
575 3707 690 3785 Poggio
709 3707 741 3764 in
759 3725 845 3766 suum
862 3723 949 3765 nsum
967 3706 1135 3780 excerptum
1152 3718 1216 3761 esse
1274 3718 1276 3721 ·

260 3815 347 3857 Snsnrr
358 3815 458 3857 snam.
1037 3799 1056 3851 d
