2925 4192
251 394 294 458 48
604 393 634 446 a.
653 393 776 447 aranu
795 393 912 447 suurn

249 539 414 604 incurvata
436 537 525 601 vadis
548 536 631 601 redit
653 536 727 602 inde
750 538 913 603 cacumine
935 542 1022 602 recto

249 627 358 713 ardua,
380 648 438 691 eeu
461 625 575 690 mediis
597 626 714 692 iterum
736 631 885 691 nascatur
907 627 948 690 ab
973 626 1066 691 undis

250 719 346 800 atque
369 714 496 779 habitet
522 713 660 779 vitreum
682 714 790 779 tacitis
812 714 973 779 radicibus
995 737 1129 779 amnem.
1239 732 1254 780 5

254 804 331 889 quid
348 803 518 868 Phoebum
535 806 602 866 tam
620 824 719 886 parva
737 803 870 889 rogem?
892 824 949 868 vos
968 802 1065 868 dicite
1083 825 1204 889 causas,

250 891 379 978 Naides,
401 896 434 956 et
456 891 574 975 faciles,
597 891 675 956 satis
698 896 756 975 est,
779 892 852 956 date
875 892 1015 956 carmina
1036 891 1148 956 Fauni.

317 980 533 1064 nympharum
555 982 684 1045 tenerae
707 980 878 1067 fugiebant
900 979 988 1045 Pana
1011 984 1171 1065 catervam

249 1068 304 1134 ille
319 1068 448 1153 quidem
462 1068 498 1153 it,
511 1072 644 1133 cunctas
655 1071 821 1153 tamquam
834 1069 922 1154 velit,
936 1072 969 1133 et
982 1072 1091 1134 tamen
1105 1090 1202 1134 unam

250 1158 284 1222 in
305 1156 458 1222 Pholoen.
504 1156 593 1221 silvis
616 1157 672 1221 sed
694 1157 945 1242 fluminibusque
968 1158 1132 1243 sequentis
1222 1176 1256 1224 10

249 1267 335 1311 nunc
356 1244 460 1310 hirtos
482 1267 619 1332 gressus,
641 1268 727 1312 nunc
750 1247 899 1331 improba
922 1268 1041 1312 cornua
1063 1247 1153 1311 vitat.

250 1335 379 1418 iamque
403 1337 436 1398 et
458 1333 651 1421 belligerum
672 1336 743 1401 Iani
766 1358 878 1401 nemus
900 1340 1032 1420 atraque
1056 1334 1129 1400 Caci

250 1446 326 1488 rura
347 1421 590 1507 Quirinalesque
611 1426 689 1510 fuga
712 1446 866 1507 suspensa
889 1444 948 1507 per
970 1445 1065 1509 agros

251 1510 375 1577 Caelica
397 1514 485 1575 tesca
508 1511 609 1594 subit3
631 1511 680 1575 ibi
703 1511 831 1575 demum
852 1511 938 1575 victa
959 1510 1079 1595 labore,

251 1602 336 1665 fessa
358 1602 457 1685 metu,
480 1621 544 1683 qua
565 1621 648 1663 nunc
671 1598 789 1682 placidi
812 1599 956 1664 Melioris
978 1600 1083 1684 aperti
1223 1616 1257 1665 15
1389 1610 1391 1631 ⁴

254 1692 342 1752 stant
365 1687 435 1751 sine
457 1687 569 1751 fraude
591 1687 682 1772 lares,
704 1688 805 1752 flavos
827 1687 958 1774 collegit
981 1688 1116 1753 amiotus

253 1776 355 1841 artius
379 1780 411 1840 et
433 1775 544 1840 niveae
567 1775 676 1859 posuit
699 1798 733 1840 se
756 1776 899 1862 margine
922 1776 1020 1860 ripae.

250 1864 433 1949 insequitur
455 1863 549 1928 velox
572 1885 724 1948 pecorum
748 1864 825 1929 deus
848 1868 881 1928 et
904 1887 962 1929 sua
985 1864 1085 1930 credit

178 2003 180 2008 ,
250 1952 402 2038 conubia3
425 1949 550 2017 ardenti
572 1952 702 2017 iamiam
724 1952 864 2037 suspiria
885 1953 985 2018 librat

250 2046 388 2127 pectore,
410 2042 475 2105 iam
497 2042 633 2126 praedae
655 2041 735 2106 levis
758 2041 912 2107 imminet.
950 2064 1021 2107 ecoe
1044 2042 1159 2107 citatos
1221 2060 1257 2107 20

250 2131 388 2196 advertit
410 2130 515 2195 Diana
537 2130 663 2216 gradus,
686 2130 762 2194 dum
785 2153 844 2214 per
865 2130 943 2217 iuga
965 2135 1090 2214 septem

251 2224 336 2284 errat
358 2217 601 2301 Aventinaeque
624 2218 705 2305 legit
727 2219 864 2305 vestigia
887 2241 1005 2284 cervae.

251 2306 413 2391 paenituit
435 2306 552 2371 vidisse
575 2307 675 2393 deam,
698 2328 912 2392 conversaque
934 2308 1014 2373 fidas

251 2395 291 2458 ad
314 2394 459 2459 comites:
479 2394 705 2479 ‘numquamne
728 2395 830 2460 avidis
853 2397 968 2461 arcebo
991 2396 1113 2480 rapinis

250 2484 313 2548 hoc
335 2483 485 2567 petulans
507 2483 698 2566 foedumque
720 2505 828 2568 pecus,
850 2506 1040 2570 semperque
1062 2485 1171 2569 pudici
1221 2502 1256 2549 as

252 2571 411 2636 decrescet
432 2570 513 2635 mihi
535 2571 632 2636 turba
654 2571 777 2636 chori?
814 2572 860 2637 sic
882 2573 996 2638 deinde
1018 2573 1125 2638 locuta

251 2659 413 2743 depromit
435 2660 587 2743 pharetra
608 2659 709 2724 telum
732 2660 838 2741 breve,
861 2662 948 2746 quod
968 2683 1072 2745 neque
1094 2662 1186 2726 flexis

251 2748 402 2814 cornibus
425 2752 482 2812 aut
505 2748 601 2813 solito
623 2751 755 2832 torquet
773 2749 921 2835 'stridore
945 2750 1001 2814 sed
1023 2771 1086 2814 una

253 2836 359 2902 emisit
382 2840 534 2902 contenta
556 2859 652 2902 manu
675 2837 862 2923 laevamque
886 2860 1025 2923 soporae.

250 2926 374 2992 Naidos
396 2947 506 2992 aversa
528 2925 631 2990 fertur
652 2926 798 3013 tetigisse
822 2927 949 3013 sagitta.
1221 2944 1255 2991 ao

252 3014 309 3077 illa
332 3014 416 3077 diem
438 3014 560 3098 pariter
582 3036 716 3100 surgens
737 3015 930 3099 hostemque
953 3021 1140 3099 protervum

322 3245 338 3292 3
356 3237 504 3293 incurvata
522 3243 683 3309 (accurrate
701 3243 868 3313 Politionua)
886 3242 967 3297 vadis
987 3260 1015 3301 s:
1037 3242 1157 3297 (larvata
1174 3242 1256 3297 vadis

251 3309 343 3379 (nodis
361 3309 402 3362 1¹
419 3312 451 3365 in
467 3313 530 3382 nep.)
615 3314 793 3368 8eartervae
877 3316 942 3369 9et
958 3316 1066 3368 tamen:
1084 3313 1109 3368 it
1125 3316 1256 3375 tarnem
1384 3326 1386 3341 ¹

324 3386 356 3433 10
376 3380 426 3434 sed
444 3381 599 3437 Krohniua:
618 3385 658 3437 et:
677 3383 748 3439 haec
765 3402 791 3437 m
809 3387 840 3439 ia
859 3402 910 3455 mg.
980 3391 1013 3438 14
1032 3383 1126 3439 Colica
1178 3386 1257 3439 tesca
1385 3398 1386 3402 ’

252 3452 452 3507 Marmaridas:
470 3453 546 3506 tecta
654 3459 686 3508 16
705 3454 765 3509 siva
853 3454 953 3510 flavos:
972 3454 1073 3509 fluidos
1092 3473 1122 3515 52
1140 3454 1256 3525 glaucos

251 3523 379 3577 Klotaiaa
395 3523 461 3578 oiim
551 3529 583 3577 1⁷
601 3523 713 3580 niveae:
731 3525 816 3579 viridi
834 3526 1031 3582 Marklaadca:
1050 3542 1151 3580 curvae
1171 3525 1258 3581 Gras-

252 3595 356 3665 beryer:
374 3592 483 3648 nitidae
497 3593 623 3663 Scbaefer
685 3601 718 3649 25
737 3596 891 3666 pecus1¹2
910 3598 993 3667 petus
1055 3602 1089 3651 26
1108 3596 1258 3653 Deoraseet
1384 3630 1385 3633 =

252 3667 296 3733 (aa
313 3661 392 3719 -itm
471 3669 505 3718 27
523 3664 653 3721 sharetra
714 3672 748 3720 29
766 3665 914 3735 levamque
932 3670 971 3738 (m
988 3666 1151 3737 eap.1¹et
1167 3670 1204 3737 n)

251 3751 368 3805 soporae
416 3737 540 3792 roberius:
561 3753 687 3807 soporem
759 3742 791 3789 31
812 3737 898 3793 diem:
918 3738 999 3793 deam
1018 3740 1038 3792 ς
