2925 4192
249 355 413 416 LXXXVIII
651 358 856 414 PRAEFATIO

276 555 278 559 -
316 513 367 579 sed
396 511 485 571 finem
513 511 700 588 imponamus
729 511 799 571 huie
822 512 857 570 de
888 511 1013 590 singulis
1031 513 1107 572 loeis·
1124 510 1263 590 'disputass
1383 512 1386 513 ⁷

249 601 333 660 tieni.
370 599 442 676 quid
464 602 559 660 restat
581 601 639 660 nisi
661 604 696 660 ut
719 601 834 679 gratias
857 620 947 679 agam
969 601 1016 660 eis‘
1035 616 1161 677 qnorum
1179 606 1264 662 auxi-

250 689 329 748 lium'
346 690 422 747 mihi
443 689 475 747 in
499 688 589 749 Silvis
613 689 733 749 edendis
751 692 871 766 praesto
893 689 974 748 fnit?
1006 694 1096 766 atque
1114 691 1263 768 imprimm
1375 689 1392 743 ‘i

249 778 446 839 nomimndus
465 781 510 836 est
527 778 694 838 Friderieus
707 778 779 853 Leo,
798 779 849 854 qui
868 780 1023 855 quaerenti
1041 780 1169 839 mihi'de
1188 781 1263 840 loeis

249 866 330 926 haud
348 867 451 943 paucis
471 867 543 942 quid
559 867 685 926 sentiret
703 887 758 943 per
775 868 893 926 litteras
905 868 1116 946 benignissime
1136 871 1262 946 aperuit,

251 956 387 1031 sequitur
407 955 574 1014 Ibiderious
591 955 735 1032 Vollmer,
753 957 837 1016 onius
855 957 984 1017 editione
1004 960 1186 1034 quantopere
1205 958 1264 1016 Sil·

251 1061 357 1104 varum
378 1044 587 1120 interpretatio
611 1045 650 1103 sit
677 1047 819 1120 proveeta
844 1065 905 1104 non
933 1066 1033 1104 meum
1059 1050 1105 1106 est
1131 1047 1263 1108 laudere.
1379 1063 1392 1068 ··

250 1133 329 1191 idem
351 1134 398 1193 vir
425 1133 529 1192 doetus
554 1136 588 1199 et
613 1133 709 1192 multa
737 1152 813 1210 quae
840 1134 904 1210 ipse
931 1135 1094 1212 eollegerat
1120 1153 1156 1193 ex
1182 1135 1263 1195 eodi-

251 1222 343 1298 eibus,
369 1222 514 1299 imprimis
542 1225 681 1282 notarum
707 1222 944 1282 Politianearum
971 1223 1165 1284 collationem·
1187 1225 1262 1283 mibi

249 1311 386 1386 permisit
404 1314 434 1370 et
452 1311 484 1369 in
505 1311 732 1386 typothetarum
755 1311 902 1370 erroribus
920 1312 1121 1371 emaoulandIs
1139 1325 1263 1390 magno-

250 1419 320 1475 pere
337 1419 385 1458 me
404 1400 527 1458 adiuvit.
564 1399 643 1458 idem
660 1418 768 1459 munus
787 1402 817 1458 et
835 1402 970 1460 sescenta
986 1401 1047 1459 alia
1066 1401 1157 1460 debeo
1176 1401 1261 1459 llan-

249 1489 320 1546 rItio
348 1488 465 1562 Krohn‚
492 1488 575 1547 ouius
598 1508 665 1548 eum
697 1489 733 1546 de
761 1488 859 1549 Statio
890 1492 957 1548 tum
986 1490 1022 1548 de
1051 1491 1107 1548 hae
1129 1489 1262 1549 edItione

250 1577 357 1634 merita
380 1577 467 1636 iustis
488 1577 592 1636 efferre
615 1576 754 1636 laudibus
771 1577 822 1636 vix
843 1597 934 1654 penes
956 1598 1003 1636 me
1026 1581 1079 1637 est.
1187 1592 1189 1595 ·

318 1700 488 1760 Scribebam
511 1701 659 1760 Monaohii
682 1701 725 1760 Id.
748 1701 819 1760 Dee.
844 1703 939 1762 1899.

909 1856 1064 1923 Allredus
1087 1856 1195 1924 Klotz.
1257 1860 1260 1866 ’

521 2266 684 2326 addenda
710 2270 746 2326 et
773 2269 995 2346 corrigenda.

321 2418 348 2468 p.
364 2399 440 2454 XVII
458 2399 475 2453 I.
492 2405 525 2452 29
545 2401 599 2470 Iope
618 2388 739 2469 denique
753 2418 808 2470 pre
826 2401 954 2471 denlqne.

234 2526 236 2530 ,
321 2489 348 2539 p.
363 2470 441 2524 XVII
464 2470 499 2524 de
522 2471 617 2526 codiee
636 2479 660 2524 K
687 2472 721 2526 ef.
736 2471 858 2541 Nolhae‚
885 2473 1081 2543 bibliotheque
1105 2475 1140 2528 de
1162 2475 1263 2530 I'ulvio

252 2541 345 2596 Orsini
363 2560 390 2610 p.
406 2547 467 2610 220,
486 2542 521 2595 de
540 2542 635 2596 codiee
655 2548 676 2602 Q
702 2543 740 2597 ib.
760 2562 787 2612 p.
802 2549 862 2598 241.
883 2550 942 2600 364.

321 2630 349 2682 p.
364 2619 380 2667 o
401 2612 495 2667 deleas
509 2613 763 2683 interpunctionem
772 2618 837 2684 post
854 2634 878 2670 v.
889 2623 932 2685 42,
944 2617 1014 2671 Item
1026 2635 1053 2686 p.
1065 2622 1099 2670 23
1109 2620 1173 2686 post
1181 2635 1205 2672 v.
1217 2623 1262 2672 60.

321 2702 348 2754 p.
364 2689 397 2738 49
417 2702 441 2738 v.
457 2689 490 2738 39
508 2685 573 2739 reden
592 2684 746 2739 substituas
764 2703 815 2755 pro
833 2688 901 2742 orsu.

326 2773 352 2825 p.
370 2761 403 2809 55
421 2773 445 2810 v.
462 2760 496 2809 64
514 2755 577 2809 adn.
597 2773 648 2825 pro
668 2757 831 2828 Madvifiue
848 2757 927 2828 legas
944 2759 1087 2814 Heinsius.

320 2844 348 2896 p.
365 2832 423 2880 114.
444 2833 469 2895 8,
484 2832 499 2880 8
519 2829 574 2899 Iope
592 2827 747 2882 Dieareheo
761 2845 815 2898 pre
832 2829 1012 2884 Diceareheo.

322 2916 348 2968 p.
364 2897 489 2952 LXXVII
506 2897 524 2951 l.
541 2903 574 2951 18
593 2900 723 2954 odoratus
741 2915 795 2954 esse
812 2899 891 2969 legas
909 2917 960 2970 pro
978 2902 1140 2956 odorantem.

321 2984 385 3022 mea
400 2969 484 3039 eulpa
497 2968 528 3022 in
540 2970 709 3040 paginarum
717 2969 908 3039 librorumque
921 2971 1013 3026 titulis
1024 2971 1140 3028 STATII
1153 2972 1263 3026 editum

252 3042 307 3094 est:
326 3055 445 3107 reponas
464 3055 568 3108 quaeso
587 3040 698 3095 STATI.
1170 3081 1175 3084 -

323 3109 430 3163 Kr0bni
448 3109 625 3180 benignitate
644 3112 681 3165 ad
694 3111 868 3166 Matritensis
886 3112 952 3166 libri
970 3113 1091 3183 speeiem
1109 3113 1261 3169 inlustran-

253 3181 319 3234 dam
337 3181 490 3250 imagmem
508 3181 556 3235 iol.
572 3187 621 3236 64⁸
639 3183 743 3237 addere
756 3183 845 3252 potui,
860 3184 936 3251 qnod
954 3186 1079 3239 eontinet
1096 3185 1180 3255 primi
1194 3184 1262 3238 libri

252 3251 465 3321 praefationem,
479 3253 593 3307 modulo
613 3254 650 3307 ad
664 3254 813 3308 dimidium
825 3254 884 3308 fere
898 3256 1012 3309 redacto
1031 3258 1094 3325 (165
1108 3279 1115 3310 ι
1130 3262 1173 3324 90,
1188 3259 1223 3327 2).
