2925 4192
252 371 314 435 128
446 329 447 332 ¹
600 370 631 427 r.
649 368 772 423 PAPINI
791 368 908 435 00000

250 514 432 598 invasitque
455 514 532 600 vias,
555 514 589 578 in
612 513 725 578 eodem
747 516 885 599 angusta
908 513 1057 593 phaselos
1206 531 1258 579 245

247 626 387 689 aequore
410 607 443 667 et
465 601 614 667 immensi
637 606 764 686 partem
787 602 850 667 sibi
872 602 1014 667 vindicat
1036 602 1144 667 austri.

315 692 392 777 quid
408 714 494 756 nunc
511 690 708 774 immodicos,
726 691 878 756 iuvenum
894 690 1078 776 lectissime,
1095 692 1192 755 fietus

248 782 342 846 corde
364 782 453 846 foves
476 782 672 866 longumque
694 784 785 844 vetas
808 779 895 844 exire
919 780 1083 844 dolorem?

246 892 364 954 nempe
386 870 490 955 times,
511 891 552 933 ne
576 867 751 933 Cerbereos
773 868 920 933 Priscilla
942 872 1113 933 tremescat

247 960 406 1023 latratus?
442 961 527 1023 tacet
549 957 604 1021 ille
626 956 703 1041 piis!
739 980 780 1022 ne
802 957 924 1022 tardior
946 957 1030 1021 adsit
1205 974 1257 1022 200

247 1048 358 1112 navita
380 1047 615 1131 proturbetque
637 1045 750 1110 vadis?
786 1046 875 1109 vehit
898 1045 953 1110 ille
977 1050 1136 1110 merentes

246 1136 396 1222 protinus
419 1140 451 1199 et
473 1156 583 1200 manes
605 1134 750 1218 placidus
772 1135 859 1200 locat
879 1133 1008 1218 hospite
1032 1134 1156 1199 cumba.

247 1229 429 1309 praeterea,
452 1225 480 1289 si
504 1223 631 1308 quando
654 1224 709 1307 pio
732 1223 861 1287 laudata
883 1223 999 1287 marito

247 1314 364 1378 umbra
385 1312 488 1395 venit,
510 1312 602 1377 iubet
625 1312 671 1376 ire
694 1312 779 1376 faces
802 1312 995 1395 Proserpina
1017 1312 1118 1376 laetas

247 1424 457 1488 egressasque
480 1401 578 1466 sacris
600 1405 725 1465 veteres
747 1400 895 1465 heroidas
917 1400 1017 1466 antris
1204 1416 1256 1463 soe

247 1491 369 1555 lumine
392 1506 555 1574 purpureo
578 1489 688 1554 tristes
710 1489 819 1554 laxare
843 1489 992 1553 tenebras

248 1584 397 1663 sertaque
421 1582 454 1642 et
476 1578 606 1663 Elysios
628 1578 752 1642 animae
776 1582 996 1661 praesternere
1018 1578 1121 1643 flores.

248 1668 296 1732 sic
318 1689 428 1731 manes
449 1666 597 1731 Priscilla
619 1666 721 1751 subit3
744 1666 792 1732 ibi
816 1666 962 1750 supplice
985 1666 1097 1731 dextra

248 1778 308 1840 pro
331 1760 364 1819 te
387 1756 468 1820 Fata
489 1760 596 1841 rogat,
618 1777 711 1841 reges
734 1755 797 1819 tibi
821 1755 924 1819 tristis
946 1754 1066 1819 Averni

249 1845 370 1931 placat,
393 1847 431 1907 ut
454 1844 592 1927 expletis
614 1844 746 1909 humani
769 1844 889 1908 finibus
912 1844 981 1908 aevi
1205 1859 1258 1908 260

185 2011 188 2014 ¹
248 1937 419 2018 paeantem
441 1937 543 1997 terras
566 1932 732 1997 dominum
754 1932 964 2017 iuvenemque
986 1931 1149 2017 relinquas

249 2023 319 2105 ipse
343 2023 454 2086 senex!
491 2026 596 2086 certae
619 2022 727 2086 iurant
750 2022 784 2085 in
807 2026 881 2085 vota
904 2043 1037 2086 sorores.

736 2268 776 2333 Π.

399 2406 541 2461 LAUDES
560 2407 714 2462 CRISPINI
732 2396 842 2461 Vnum
860 2407 996 2461 BOLANI
1013 2407 1103 2461 FILII.

315 2533 404 2599 Rura
426 2554 516 2598 meus
539 2530 704 2618 Tyrrhena
726 2533 811 2617 petit
834 2534 998 2618 saltusque
1020 2533 1151 2620 Tagetis

249 2620 432 2707 Crispinus3
454 2644 513 2687 nec
534 2623 633 2708 longa
655 2644 745 2686 mora
768 2627 817 2687 est
841 2627 897 2687 aut
920 2622 991 2686 avia
1013 2621 1122 2708 tellus,

247 2712 306 2775 sed
327 2734 398 2776 mea
421 2715 542 2776 secreto
565 2711 728 2775 velluntur
751 2715 883 2794 pectora
905 2732 1028 2796 morsu,

249 2800 375 2884 udaque
397 2804 565 2887 turgentes
588 2800 759 2883 impellunt
781 2799 904 2864 lumina
926 2803 1051 2886 guttas,

152 2896 153 2899 ’
249 2911 309 2953 000
331 2912 428 2972 super
450 2890 595 2975 Aegaeas
617 2888 739 2952 hiemes
763 2888 911 2953 abeuntis
934 2888 1028 2952 amrci
1242 2904 1257 2949 5

249 2978 322 3041 vela
340 3000 455 3061 sequar
473 2982 678 3061 spectemque
697 2981 799 3041 ratem
817 2977 881 3041 iam
900 2978 1004 3041 fessus
1023 2977 1063 3047 ab
1084 2976 1158 3040 altis

250 3066 387 3149 rupibus
409 3071 506 3149 atque
530 3066 638 3131 oculos
660 3065 759 3151 longo
783 3087 899 3149 querar
921 3087 991 3129 aare
1014 3064 1106 3129 vinci.

318 3153 416 3237 quid?
452 3154 479 3217 si
502 3154 637 3218 militiae
659 3154 723 3217 iam
746 3158 792 3237 te,
814 3176 895 3237 puer
917 3153 1040 3236 inclite,
1062 3152 1185 3237 primae

250 3242 336 3306 clara
357 3242 538 3306 rudimenta
561 3246 593 3305 et
616 3247 793 3307 castrorum
817 3242 908 3306 dulce
930 3244 1059 3306 vocaret

322 3439 373 3488 245
391 3432 433 3487 in:
451 3433 476 3486 it
491 3434 636 3489 Geoortiuc
689 3437 811 3502 angusta
829 3451 857 3494 ςε
878 3438 999 3497 augusta
1070 3438 1121 3486 262
1139 3429 1257 3486 cumba:

251 3505 314 3574 ripa
331 3506 517 3560 narboncas
587 3510 638 3558 265
656 3504 787 3559 heroidas
806 3522 837 3565 ςε
856 3503 966 3559 eoridaa
1037 3509 1087 3557 261
1107 3504 1260 3573 paeantem
1356 3512 1360 3516 ’

252 3576 403 3631 Acontius:
422 3575 585 3629 Placantem
656 3580 707 3629 262
726 3581 831 3631 certae:
850 3577 946 3629 ternae
964 3574 1110 3630 Nodelliue

322 3646 355 3699 H.
374 3646 455 3700 esed
474 3646 640 3717 Gronovius:
658 3645 695 3700 nt
748 3648 888 3717 4guttas:
906 3648 1005 3715 guttae
1019 3646 1204 3701 Marcam

253 3721 268 3768 7
287 3715 371 3786 longo
391 3734 420 3774 ςε
438 3716 542 3785 longon
