2925 4192
241 363 333 420 XXVI
643 361 848 416 PRAEFATIO

239 513 268 572 V
285 515 405 591 1,181=
427 506 656 574 carumdtlllKe
674 515 776 572 tamen
793 507 851 581 soil
869 501 1068 591 (subpetat
1084 513 1152 587 lepis
1169 520 1252 587 caru,

431 603 483 662 sed
504 603 596 662 cohec't
610 603 716 676 procaci
738 603 825 661 dubio
847 603 988 661 librarius
1011 592 1091 682 tom)

239 691 268 750 V
282 695 311 769 3,
327 692 403 750 154:
427 690 605 751 stersicorus
629 684 742 752 atilli:
765 690 949 750 Stesichorus
971 681 1037 759 100„

307 781 414 857 quibus
438 801 473 840 ax
495 780 569 840 locis
586 779 657 839 licet
675 779 812 839 nonnulli
829 779 1030 839 coniecturam
1047 787 1151 854 sapere
1168 778 1251 839 vide-

240 872 338 946 antur,
356 872 457 929 tamen
475 871 598 944 restant,
611 868 664 927 ubi
681 869 804 927 minime
823 867 1026 945 explicaveris,
1040 884 1093 928 cur
1108 886 1129 927 a
1144 867 1250 928 ceteris

241 959 304 1018 eius
322 958 456 1030 familiae
475 957 624 1018 codicibus
642 957 797 1017 recesserit
813 957 954 1016 librarius
972 951 996 1026 Q
1014 956 1073 1016 nisi
1091 955 1165 1032 quid
1182 975 1250 1016 eum

239 1050 358 1126 praeter
380 1048 456 1107 hanc
479 1047 604 1107 classem
626 1047 748 1106 aliunde
770 1046 912 1122 petivisse
934 1048 1058 1105 statuas.

307 1136 421 1197 accedit
442 1138 478 1195 ut
499 1136 531 1194 in
553 1131 639 1195 libris
658 1130 682 1205 Q
700 1128 780 1194 etK
802 1135 863 1194 alio
885 1136 1054 1195 atramento
1072 1135 1113 1194 sit
1130 1127 1250 1194 additus

238 1243 341 1290 versus
363 1224 422 1302 14,
438 1227 494 1284 86⁸
512 1225 637 1285 omissus
654 1224 686 1282 in
706 1217 775 1285 (1111
797 1224 882 1282 etin
904 1217 1248 1298 1110110116,22.28

240 1315 302 1374 alia
324 1334 415 1374 manu
437 1315 469 1372 in
491 1313 626 1392 margine
649 1313 804 1389 suppletae
828 1311 896 1371 sint.
942 1312 1090 1371 consentit
1111 1312 1206 1390 igitur
1224 1307 1248 1382 Q

239 1421 461 1479 nonnumquam
485 1422 552 1462 cum
573 1402 757 1478 reliquorum
779 1394 914 1483 (praeter
937 1393 1050 1482 GHIK)
1072 1401 1176 1475 huba,
1197 1400 1250 1459 ubi

239 1493 409 1552 coniectura
432 1509 535 1551 eorum
556 1491 714 1550 lectionem
737 1511 823 1551 nemo
845 1489 950 1566 potuit
976 1490 1101 1566 assequi.
1146 1492 1249 1549 tamen

238 1581 289 1641 vix
312 1599 418 1657 operae
442 1580 572 1656 pretium
590 1599 653 1640 esse
672 1581 802 1640 arbitror
819 1579 986 1639 accuratius
1004 1579 1154 1655 inquirere
1173 1598 1249 1655 quae

237 1669 317 1729 inter
343 1669 458 1729 codices
486 1662 511 1730 (1
543 1670 573 1727 et
604 1663 703 1738 HIKQ
729 1667 896 1728 intercedat
922 1668 1001 1727 ratio
1029 1686 1143 1743 quaeve
1170 1669 1249 1726 inter

238 1759 307 1818 illos
329 1759 423 1837 ipsos,
446 1758 638 1816 manifestum
656 1758 735 1816 enim
754 1756 893 1817 estnihil
910 1758 1010 1816 valere
1029 1757 1153 1815 classem
1170 1774 1192 1834 γ
1210 1756 1249 1815 ad

239 1849 356 1906 textum
374 1847 592 1907 recensendum.
624 1867 717 1905 unum
736 1845 861 1905 adnoto:
883 1865 942 1905 non
961 1845 1057 1905 videri
1075 1845 1249 1922 cognovisse

238 1935 394 1997 librarium
421 1936 491 1994 libri
516 1928 540 1997 (i
563 1953 612 1994 eas
635 1935 744 1995 codicis
767 1929 798 1995 11
821 1937 1003 1994 correcturas
1025 1952 1100 2010 quas
1121 1947 1153 1994 m
1176 1935 1250 1992 nota

240 2025 459 2102 comprehendi,
481 2025 552 2084 licet
574 2024 623 2083 hic
645 2024 708 2084 illic
730 2024 809 2083 idem
833 2027 984 2084 assecutus
1007 2023 1047 2082 sit
1069 2023 1248 2097 coniectura,

237 2115 318 2190 quod
340 2128 379 2174 111.
424 2116 540 2172 restant
572 2113 650 2171 enim
681 2113 741 2172 loci
768 2112 819 2171 ubi
845 2115 915 2188 post
937 2115 1136 2171 correcturam
1157 2125 1189 2172 111
1215 2111 1248 2169 in

236 2202 408 2262 Matritensi
439 2201 510 2278 quid
542 2202 639 2276 prima
665 2220 757 2259 manu
782 2201 875 2260 fuerit
901 2200 1059 2276 scriptum,
1086 2218 1146 2259 non
1173 2199 1247 2259 satis

235 2290 364 2366 liqueat:
388 2291 429 2349 eis
451 2289 532 2348 haud
554 2309 622 2348 raro
645 2289 737 2349 codex
760 2282 785 2350 (1
807 2308 874 2348 cum
897 2283 1043 2349 codicell
1071 2289 1247 2366 primariam

235 2379 394 2438 lectionem
417 2379 611 2438 conservavit.
643 2379 726 2438 cuius
744 2378 789 2436 rei
810 2377 945 2453 exempla
962 2377 1042 2437 infra
1058 2378 1091 2436 in
1113 2377 1247 2437 tabulam

236 2469 362 2528 collecta
385 2458 573 2548 adponam.¹)

302 2557 368 2615 Iam
382 2557 420 2616 ad
432 2556 562 2616 codicem
573 2554 769 2614 Oxoniensem
779 2546 833 2637 (ll)
843 2557 1037 2614 transeamus.
1062 2575 1150 2631 quem
1164 2553 1247 2614 Glar-

235 2645 304 2704 kius
318 2646 409 2705 1111
422 2649 491 2704 ante
506 2665 573 2703 eum
580 2643 729 2703 Krohnius
740 2644 1024 2720 exipsoMatritensi
1033 2644 1246 2720 transcriptum

236 2753 299 2794 esse
309 2735 456 2813 cognovit.
480 2736 570 2809 atque
585 2733 688 2808 siquis
700 2733 856 2809 utriusque
869 2732 940 2792 libri
952 2733 1094 2792 lectiones
1107 2735 1245 2792 accurate

235 2824 316 2883 inter
343 2843 373 2884 se
400 2822 631 2899 comparaverit,
661 2841 720 2881 non
748 2821 897 2881 dubitabit
919 2823 992 2899 quin
1014 2840 1119 2896 revera
1141 2822 1245 2881 Matn'-

235 2913 329 2972 tensis
350 2913 414 2988 ipse
437 2912 546 2972 codicis
567 2906 592 2972 F
616 2910 769 2987 exemplar
789 2912 888 2974 tuerit.
928 2911 1025 2971 redire
1043 2914 1144 2971 autem
1161 2905 1186 2971 F
1207 2911 1246 2971 ad

235 3024 448 3035 ,..-....-----

308 3083 335 3150 1)
353 3079 565 3150 adfamiliamy
578 3080 702 3150 pertinet
715 3079 802 3134 etiam
815 3083 926 3150 praeter
940 3081 1050 3134 codices
1059 3079 1245 3135 Oxoniensem

235 3150 394 3219 D'Orv.X1,
401 3156 466 3220 5,34
480 3153 509 3205 et
517 3150 738 3221 Neapolitanum
746 3151 819 3205 ubil
828 3159 852 3218 b,
863 3158 905 3205 22.
916 3157 950 3205 23
961 3151 1062 3205 desunt
1070 3151 1157 3208 codex
1167 3151 1245 3208 Parl-

235 3222 314 3279 sinus
332 3226 411 3292 8282,
430 3223 479 3291 qui
497 3239 520 3276 e.
536 3241 562 3292 g.
580 3223 717 3292 utsupra
735 3222 868 3277 adnotavi
881 3222 1033 3289 111a1ss.
1054 3228 1105 3276 136
1124 3223 1244 3278 eundem

235 3293 382 3348 verborum
400 3293 541 3347 defectum
563 3293 677 3348 exhibet
699 3310 784 3362 quem
802 3298 915 3352 (11111111.
952 3293 1051 3346 codem
1073 3294 1156 3348 modo
1179 3310 1244 3364 pec

235 3366 330 3419 catum
343 3367 386 3419 est
403 3365 434 3419 in
448 3364 618 3420 editionibus
631 3364 760 3435 principe
778 3367 815 3434 (a)
834 3367 863 3419 et
876 3363 993 3418 Domitii
1007 3367 1051 3435 (c),
1064 3365 1140 3419 unde
1156 3365 1243 3420 libros

236 3435 388 3504 exquibus
406 3435 473 3490 illae
497 3451 642 3505 expressae
662 3438 739 3502 sunt,
763 3439 792 3490 et
809 3436 885 3505 ipsos
904 3435 1001 3489 classis
1017 3454 1038 3506 y
1062 3435 1244 3491 1011100110-

235 3507 315 3562 citur.
352 3524 409 3562 non
433 3506 508 3561 tanti
533 3508 575 3560 est
600 3507 759 3561 accuratius
784 3505 848 3561 illos
873 3507 941 3560 inda
995 3507 1017 3574 ',
1035 3507 1123 3560 nolim
1147 3508 1244 3560 tamen

234 3579 364 3634 omittere
383 3598 396 3632 o
413 3578 537 3633 maxima
555 3577 740 3632 similitudine
758 3577 897 3648 adplicari
919 3523 1100 3632 fficium
1118 3583 1151 3645 α,
1170 3597 1188 3631 a
1206 3579 1243 3632 ad

234 3650 360 3774 epdicem
377 3658 409 3705 1.
446 3667 480 3705 ex
499 3669 512 3703 o
529 3650 636 3720 pendet
653 3649 690 3718 is,
714 3649 763 3718 qui
786 3649 817 3702 in
837 3648 911 3702 libro
929 3655 950 3701 p
967 3647 994 3703 V
1007 3655 1033 3717 ὁ,
1047 3654 1152 3703 22-36
1177 3666 1244 3719 sup-

234 3721 330 3792 pavit.
