2925 4192
559 371 746 426 SILVARUM
764 372 794 425 L.
809 372 829 441 Ι,
845 379 869 427 6.
1173 374 1214 437 31

298 517 456 581 nodosum
479 517 578 582 semel
601 516 635 581 in
658 516 793 602 globum
816 516 938 603 ligavit,

299 605 398 669 edunt
420 605 553 670 vulnera
576 610 810 688 conseruntque
834 605 962 670 darhes
1183 624 1218 672 60

299 697 332 758 et
354 698 492 759 mortem
515 694 646 758 sibi-
669 716 732 777 qua
755 696 865 757 mann!
889 731 930 741 -
954 694 1124 760 minantur.

298 782 382 846 ridet
403 781 491 848 Mars
513 787 607 867 pater
630 786 663 846 et
685 786 817 846 cruenta
840 782 952 847 Virtus

300 892 492 955 casuraeque
514 870 606 957 vagis
629 892 726 957 grues
748 870 871 954 rapinis

298 959 455 1024 mirantur
476 960 605 1045 pugiles
627 959 806 1024 ferociores.

364 1047 429 1112 iarn
451 1048 556 1113 noctis
577 1047 787 1133 propioribus
810 1048 870 1112 sub
894 1049 1018 1113 umbris

299 1137 387 1201 divos
410 1137 534 1220 sparsio
558 1159 640 1221 quos
662 1137 731 1223 agit
754 1137 926 1201 tumultusl

298 1224 352 1290 hic
374 1225 496 1289 intrant
518 1226 628 1289 faciles
651 1225 714 1289 emi
737 1225 874 1311 puellae,

298 1314 351 1378 hio
374 1314 560 1400 agnoscitur
582 1336 689 1393 omne,
714 1312 800 1398 quod
822 1314 958 1379 theatris

299 1407 356 1468 aut
341 1403 481 1468 tforma
503 1404 610 1487 placet
633 1407 690 1467 aut
712 1403 831 1487 probat
832 1426 871 1467 ur
893 1407 970 1467 arto.

228 1506 231 1510 ’
298 1492 361 1556 hoo
382 1491 540 1577 plaudunt
562 1514 662 1579 grege
683 1491 803 1576 Lydiae
827 1496 996 1575 tumentes,

299 1581 365 1645 illio
387 1581 535 1681 cymbala
558 1581 765 1665 tinnulaeque
789 1580 905 1665 Gades,

299 1669 365 1733 illio
388 1669 518 1755 agmina
541 1671 743 1734 confremunt
766 1669 927 1756 Syrorum,

299 1757 352 1823 hic
372 1757 466 1842 plebs
488 1758 613 1822 scenica
636 1759 754 1842 quiquo
777 1757 981 1823 comminutis

300 1849 486 1931 permutant
509 1846 620 1911 vitreis
642 1848 774 1932 gregale
797 1846 917 1929 sulpur.

366 1935 451 1999 inter
474 1955 555 2019 quae
579 1934 688 1999 subito
712 1934 830 1998 cadunt
852 1933 961 1998 volatu

302 2023 476 2089 immensae
499 2024 665 2088 volucrum
687 2044 747 2107 per
769 2027 855 2086 astra
876 2022 989 2106 nubes,

300 2135 379 2198 quas
401 2112 497 2178 Nilus
520 2134 608 2177 sacer
630 2110 841 2194 horridusque
863 2109 986 2194 Phasis,

301 2223 380 2285 quas
403 2201 466 2266 udo
489 2200 648 2267 Numidae
671 2201 786 2286 legrmt
809 2199 868 2263 sub
893 2203 1011 2263 austro.

300 2291 415 2355 desunt
439 2291 493 2374 qui
517 2290 645 2373 rapiant
668 2289 820 2374 sinusque
843 2288 932 2372 pleni

299 2379 454 2464 gaudent,
477 2379 553 2443 dum
575 2400 659 2443 nova
681 2377 771 2442 lucra
794 2381 1029 2462 comparantur.
1185 2396 1220 2443 80

300 2466 420 2531 tollunt
442 2466 626 2532 innumeras
648 2467 688 2531 ad
711 2472 799 2531 astra
820 2488 914 2531 voces

300 2553 481 2621 Saturnalia
503 2555 661 2640 principis
683 2560 834 2621 sonantes

302 2648 335 2707 et
358 2644 443 2708 dulci
467 2644 632 2709 dominum
654 2645 764 2709 favore
787 2644 939 2708 clamant:

301 2732 363 2796 hoc
386 2730 491 2797 solum
512 2733 617 2797 vetuit
639 2732 735 2797 licere
759 2730 882 2797 Caesar.

366 2818 499 2885 vixdum
521 2820 647 2885 caerula
668 2843 733 2885 nox
757 2819 890 2884 subibat
913 2819 1033 2902 orbem,

302 2907 464 2972 descendit
486 2908 591 2973 media
613 2908 721 2972 nitens
743 2908 863 2971 harena

301 2996 415 3060 densas
436 2997 603 3061 flammeus
626 2996 715 3061 orbis
737 2996 822 3060 inter
844 2996 975 3060 umbras

300 3084 431 3149 vincens
454 3084 627 3150 Gnosiacae
650 3086 752 3149 facem
776 3105 919 3149 coronae.

213 3296 345 3439 64p'59
337 3314 367 3349 m
405 3296 503 3352 lobum
520 3314 558 3350 m.
577 3294 606 3350 in
607 3295 715 3365 glolum
786 3300 819 3349 61
839 3310 896 3362 qua
913 3294 1063 3350 Acorttiua.
1082 3311 1168 3363 quam

285 3314 627 3439 ιιςιΙθι11771113117111171ς
625 3366 878 3421 ctFriederiotc‘cs:
897 3364 1018 3434 pumilos
1076 3372 1110 3421 66
1124 3368 1221 3421 Brau—

212 3367 462 3509 Mpaugrlpomlw
476 3439 694 3494 concamium
761 3442 794 3490 70
811 3437 952 3491 tumentes
971 3453 1000 3495 ςι
1018 3436 1150 3491 timentes

213 3515 247 3564 ‘15
265 3526 351 3579 quae:
381 3526 452 3580 quos
470 3510 602 3581 &copias
668 3514 773 3579 posto
789 3511 823 3561 77
841 3509 922 3563 talem
939 3508 995 3575 fere
1013 3524 1119 3565 oasam
1136 3510 1221 3563 icter-

212 3581 308 3637 adhoc
326 3584 441 3637 contrat
459 3581 691 3636 Waotamuttc'ua:
710 3596 780 3648 quas
795 3578 907 3651 Ganges
924 3579 1005 3633 lavat
1022 3580 1087 3650 (ricc
1105 3577 1168 3648 alit)
1188 3594 1220 3631 ac

212 3650 294 3777 palpa
310 3652 477 3721 Scytharum
548 3649 712 3706 841icaere:
731 3650 866 3705 Licercm
880 3652 975 3722 lamp.
1049 3648 1220 3704 861101061-

232 3721 268 3776 it·
287 3723 412 3777 escendit
429 3722 563 3793 Stonpiua
