2925 4192
227 357 292 413 XIV
631 355 837 412 PRAEFATIO

298 508 506 585 postmodium
520 508 670 567 saeculum
685 507 824 584 quintum
836 507 984 567 decimum
993 508 1111 568 videtur
1125 511 1248 568 exortus

230 617 292 658 osse
315 591 417 660 sodex
438 591 630 659 Osonionsis
650 596 737 656 Auct.
757 596 855 671 F5,5
875 588 970 679 (apud
988 597 1172 658 Barlowium
1191 601 1248 678 23,

231 687 317 746 nobis
338 678 380 768 ll)
403 685 645 746 membranaceus
667 686 765 745 forma
786 685 920 761 minoris,
944 706 1032 762 quem
1055 687 1168 763 primus
1182 687 1246 746 Ro·

228 775 336 835 binson
359 775 435 834 Ellis
463 775 501 834 ad
524 775 622 835 Silvas
646 774 845 834 emendandas
876 775 1025 854 adhibuit,
1048 776 1085 835 cf.
1105 771 1244 835 ‘Journal

229 865 264 924 of
281 859 448 942 philology’
462 865 517 922 XX
531 855 648 945 (1892)
662 884 691 939 p.
709 866 847 923 17-24.
870 865 950 923 idem
968 865 1016 924 vir
1034 865 1138 924 doetus
1155 865 1245 925 huius

228 954 298 1014 libri
311 955 437 1032 paginas
460 953 534 1012 duas
553 945 634 1035 (silv.
648 953 664 1010 I
679 954 708 1026 6,
724 944 848 1033 1—50)
861 953 1099 1030 photographioa
1112 954 1244 1030 imagine

229 1038 473 1102 reddiditin‘xx
482 1042 642 1102 facsimilos
651 1042 729 1100 from
738 1041 815 1100 latin
824 1042 1022 1118 manuscripts
1032 1043 1067 1102 of
1072 1044 1124 1102 the
1131 1042 1245 1102 Oxford

228 1132 343 1209 library
366 1124 493 1214 (Oxford
518 1122 640 1211 1891).'
684 1131 763 1189 unde
791 1133 916 1207 apparet
945 1131 1076 1190 codicem
1097 1132 1130 1190 in
1152 1133 1245 1191 Italia

231 1221 376 1297 scriptum
404 1239 479 1296 esse,
502 1220 534 1278 id
562 1219 640 1296 quod
662 1219 800 1278 firmatur
821 1219 960 1279 Hirtzelii
982 1220 1167 1296 testimonio,
1191 1222 1244 1296 qui

232 1309 343 1368 librum
364 1310 397 1369 in
419 1309 546 1369 Krohnii
568 1327 654 1367 usum
677 1308 805 1367 excussit
823 1328 948 1384 eumque
972 1309 1060 1368 alteri
1078 1310 1176 1385 quinti
1194 1311 1245 1369 de·

231 1399 300 1458 cimi
323 1399 434 1459 saeculi
452 1398 574 1457 dimidio
594 1397 707 1456 tribuit.
741 1400 817 1456 teste
831 1398 935 1457 eodem
956 1398 1125 1458 litterarum
1142 1399 1244 1457 initia·

230 1488 305 1546 lium
328 1490 502 1547 ornamenta
520 1487 633 1546 Italum
655 1486 783 1562 sapiunt.
817 1487 901 1562 quini
924 1489 954 1545 et
971 1487 1068 1547 viceni
1086 1506 1188 1546 versus
1210 1487 1244 1547 in

227 1595 406 1653 unaquaque
439 1576 551 1654 pagina
584 1578 709 1635 exstant.
755 1577 874 1635 constat
900 1575 991 1635 codex
1017 1579 1086 1652 post
1112 1577 1242 1652 primum

229 1665 337 1724 folium
355 1667 502 1740 scriptura
520 1683 647 1724 vacuum
666 1665 889 1742 agglutinatum
909 1667 1023 1740 septem
1041 1665 1244 1742 quinionibus,

227 1772 287 1812 uno
307 1754 510 1830 quaternione,
523 1773 582 1814 uno
600 1754 710 1813 unione
729 1753 919 1828 continetque
936 1752 1033 1813 Silvas
1051 1755 1139 1830 solas,
1157 1755 1242 1814 nullo

228 1843 318 1901 titulo
348 1842 450 1902 addito
482 1863 536 1902 neo
563 1843 660 1918 spatio
689 1843 753 1901 eius
779 1842 898 1917 relicto,
920 1861 1013 1918 usque
1041 1843 1079 1902 ad
1102 1843 1130 1900 V
1146 1847 1174 1919 5,
1190 1846 1243 1919 21,

230 1931 336 2006 quibus
367 1932 514 1992 recentior
545 1949 650 1991 manus
681 1931 812 2010 Anglica
842 1931 954 1990 saeculi
985 1932 1169 2007 insequentis
1201 1933 1241 1992 ad

228 2021 425 2097 supplendum
447 2022 575 2099 paginae
598 2020 728 2096 spatium
750 2020 779 2078 V
794 2021 823 2096 5,
838 2022 966 2080 22-36
996 2040 1032 2080 ex
1059 2021 1157 2080 codice
1187 2039 1238 2080 no·

227 2111 305 2170 vicio
320 2111 442 2170 addidit.
467 2111 569 2169 eadem
583 2101 651 2191 (pa)
665 2128 776 2186 paucas
790 2111 973 2168 correcturas
987 2110 1153 2186 adscripsit.
1179 2111 1242 2169 fuit

229 2198 305 2258 liber
327 2199 477 2274 quondam
499 2199 530 2256 in
552 2198 733 2257 bibliotheca
756 2198 887 2273 episcopi
909 2197 1038 2257 Barlow.

294 2288 428 2363 sequitur
451 2279 552 2348 codex
570 2279 730 2346 Budensis
751 2278 806 2367 (B)
831 2286 903 2344 olim
920 2286 1023 2345 Budae
1042 2287 1074 2345 in
1092 2287 1241 2348 Matthiae

228 2372 348 2435 Corvini
375 2375 454 2454 regis
481 2375 662 2434 bibliotheca
689 2378 837 2451 servatus,
864 2375 969 2434 deinde
996 2376 1076 2434 inter
1097 2376 1241 2436 Iohannis

226 2464 390 2523 Alexandri
417 2464 602 2540 Brassioani,
625 2464 801 2539 professoris
829 2464 978 2538 quondam
999 2464 1240 2526 Vindobonensis

226 2552 328 2629 libros,
342 2572 420 2612 nune
433 2553 465 2611 in
478 2552 660 2612 bibliotheca
673 2552 814 2611 Palatina
827 2552 1050 2613 Vindobonensi
1065 2556 1129 2614 140
1144 2548 1239 2636 (apud

227 2642 438 2703 Endlieherum
454 2633 541 2723 252).
565 2641 756 2716 quinionibus
770 2643 952 2717 compositus
966 2645 1023 2718 est3
1038 2643 1171 2721 singulas
1185 2661 1239 2719 pa·

226 2732 312 2810 ginas
334 2732 441 2791 triceni
464 2731 528 2791 seni
550 2749 652 2790 versus
675 2731 833 2806 complent,
850 2731 1037 2791 involucrum
1058 2733 1141 2791 rubri
1164 2732 1239 2792 corii

225 2822 330 2896 putide
348 2822 408 2880 fere
428 2840 500 2880 auro
520 2822 659 2880 ornatum
677 2819 796 2879 exhibet
817 2820 941 2879 titulum
955 2820 1071 2880 SILVE
1096 2821 1239 2898 STATII,

225 2928 296 2968 nam
310 2910 389 2969 solae
410 2909 509 2970 Silvae
527 2910 583 2970 hoc
601 2909 677 2968 libro
696 2909 778 2968 foliis
797 2910 837 2968 56
858 2911 1054 2969 continentur.
1082 2911 1237 2986 proprium

226 3001 326 3058 autem
349 3001 413 3057 erat
435 2998 559 3074 librarii,
578 2999 629 3074 qui
649 2998 728 3057 hunc
751 2998 881 3057 codicem
899 3000 1040 3073 exaravit,
1058 2999 1236 3073 ubicumque

226 3088 299 3163 quid
315 3087 347 3145 in
366 3088 527 3163 exemplari
546 3106 597 3146 suo
612 3088 710 3146 minus
724 3086 862 3145 distincte
879 3090 1052 3146 accurateve
1070 3085 1236 3164 legebatur,

226 3176 357 3251 spatium
379 3176 546 3252 relinquere
569 3177 743 3252 plerumque
766 3175 861 3234 maius
881 3195 972 3250 quam
989 3177 1024 3232 ut
1045 3175 1119 3249 ipsis
1137 3174 1236 3233 verbis

225 3284 317 3324 manu
330 3265 483 3324 simillima
504 3265 613 3324 additis
632 3265 809 3341 expleretur.
831 3263 911 3322 hunc
927 3265 1122 3322 correctorem
1135 3254 1236 3344 (Bm)

225 3355 324 3430 ipsum
346 3354 462 3413 librarii
486 3354 636 3430 exemplar
658 3356 728 3412 ante
752 3352 853 3412 oculos
880 3352 1017 3412 habuisse
1045 3354 1158 3410 certum
1180 3354 1234 3410 est.

226 3445 329 3502 contra
343 3462 419 3518 quae
433 3445 537 3518 postea
550 3443 582 3501 in
600 3442 699 3502 codice
713 3441 896 3501 emendando
910 3444 1047 3518 grassata
1066 3443 1112 3500 est
1129 3458 1235 3499 manus

226 3523 305 3612 (ΒΞ),
322 3532 414 3591 variis
440 3552 506 3590 eum
526 3532 700 3591 coniecturis
718 3531 861 3604 foedavit,
884 3548 1045 3606 quassum
1071 3530 1180 3588 mirum
1202 3530 1235 3588 in

224 3621 344 3679 modum
358 3639 425 3679 cum
442 3621 643 3699 Rehdigerani
655 3619 833 3679 lectionibus
851 3619 1061 3694 consentirent,
1072 3620 1235 3679 maximam

224 3712 341 3785 partem
361 3729 395 3769 ex
413 3710 466 3769 illo
485 3709 561 3770 libro
580 3710 707 3786 fluxisse,
725 3708 787 3767 iam
802 3706 873 3767 Otto
887 3709 995 3767 Mtiller
1014 3709 1179 3787 adnotavit,
1197 3708 1235 3768 cf.
