2925 4192
249 361 292 425 68
602 361 632 414 Ρ.
651 360 773 414 PAPINI
793 360 911 415 suurn

249 506 289 570 da
311 507 470 589 templum
492 505 669 591 dignasque
691 505 758 571 tuis
781 506 950 571 conatibus
972 528 1056 589 aras,

248 616 329 678 quas
351 618 478 679 puppes
500 594 580 658 velis
601 595 708 660 nolint
729 595 867 659 transire
889 594 1049 680 secundiS,

249 705 313 766 quo
336 688 430 766 pater
451 683 613 748 aetherius
635 684 819 768 mensisque
842 682 943 748 accita
965 682 1097 748 deorum

248 772 346 836 turha
369 777 401 836 et
424 772 465 836 ab
489 772 615 838 excelso
637 773 745 837 veniat
768 794 858 837 soror
879 772 1009 856 hospita
1030 772 1163 856 templo.

247 882 307 925 nec
329 864 378 946 te,
402 862 489 945 quod
511 860 632 926 solidus
655 865 768 927 contra
785 861 871 947 riget
893 861 993 925 umbo
1015 859 1150 947 maligni
1205 878 1257 927 110

248 949 370 1014 montis
392 953 424 1014 et
447 950 602 1015 immenso
625 973 690 1015 non
713 972 867 1034 umquam
889 970 1003 1014 exesus
1025 949 1067 1013 ab
1087 970 1180 1034 aero,

245 1041 380 1103 terreat:
402 1038 474 1123 ipse
497 1038 592 1104 adero
616 1047 648 1103 et
671 1038 839 1104 conamina
861 1042 952 1102 tanta
974 1037 1092 1103 iuvabo

248 1149 428 1211 asperaque
450 1128 569 1191 invitae
593 1127 791 1214 perfringam
814 1127 934 1191 viscera
957 1131 1069 1191 terrae.

248 1215 353 1299 incipe
377 1219 410 1279 et
432 1215 600 1280 Herculeis
621 1217 724 1281 fidens
747 1216 931 1281 hortatibus
954 1215 1042 1279 aude.

249 1326 315 1368 non
336 1302 553 1389 Amphioniae
576 1305 725 1369 steterint
747 1304 889 1369 velocius
911 1326 998 1368 arces
1205 1320 1257 1369 115
1386 1356 1388 1375 .

248 1392 482 1479 Pergameusve
504 1393 618 1458 labor?
659 1393 743 1458 dixit
764 1398 969 1477 mentemque
991 1393 1131 1477 reliquit.

248 1503 307 1545 nec
330 1504 432 1566 mora,
468 1502 542 1545 cum
564 1482 686 1565 scripta
708 1483 867 1546 formatur
888 1481 1034 1567 imagine
1051 1481 1125 1546 tela.

248 1570 434 1635 innumerae
457 1569 561 1634 coiere
584 1593 710 1635 manus:
738 1570 789 1634 his
813 1570 943 1635 caedere
966 1569 1063 1635 silvas

252 1662 284 1722 et
305 1657 411 1723 levare
433 1658 557 1743 trabes,
579 1658 644 1723 illis
666 1659 857 1745 immergere
881 1680 974 1724 curae

248 1747 457 1811 fundamenta
479 1746 557 1811 solo.
604 1748 755 1832 coquitur
777 1770 853 1831 pers
875 1747 984 1812 umida
1006 1752 1109 1812 terrae
1206 1764 1258 1812 rao

248 1839 435 1919 protectura
456 1835 579 1901 hiemes
601 1841 698 1921 atque
722 1838 890 1901 exclusura
911 1837 1057 1921 pruinas,

249 1924 489 2009 indomitusque
512 1924 594 1990 silex
616 1948 713 1991 curva
736 1926 864 1990 fornace
886 1924 1044 2008 liquescit.

249 2013 441 2098 praecipuus
463 2014 519 2079 sed
542 2014 628 2079 enim
649 2016 744 2080 labor
766 2018 817 2079 est
839 2013 1006 2079 excindere
1030 2013 1143 2079 dextra

250 2103 418 2186 oppositas
440 2125 539 2187 rupes
560 2107 595 2167 ct
616 2126 694 2169 saxa
715 2104 870 2189 negantia
892 2104 985 2168 ferro.

248 2191 302 2256 hic
325 2196 418 2275 pater
440 2192 511 2275 ipse
533 2193 597 2256 loci
619 2192 736 2276 positis
759 2192 947 2276 Tirynthius
970 2191 1067 2255 armis
1207 2208 1258 2254 125

249 2280 378 2343 insudat
400 2280 569 2363 validaque
591 2282 697 2346 solum
719 2281 860 2345 deforme
884 2280 1031 2364 bipenni,

248 2388 322 2431 cum
344 2389 441 2453 grave
464 2372 622 2433 nocturna
645 2370 770 2433 caelum
793 2370 977 2435 subtexitur
999 2368 1127 2452 umbra,

249 2456 320 2537 ipse
342 2454 433 2519 fodit.
475 2456 622 2540 ditesque
635 2457 768 2542 Caprae
785 2457 966 2542 viridesque
988 2457 1147 2523 resultant

249 2543 463 2630 Taurubulae,
486 2546 518 2607 et
540 2546 636 2610 terris
658 2547 773 2633 ingens
795 2546 879 2610 redit
901 2546 1049 2630 aequoris
1072 2546 1159 2610 echo.

249 2654 315 2697 non
338 2636 405 2697 tam
428 2633 547 2719 grande
571 2638 664 2699 sonat
685 2635 783 2699 motis
805 2635 976 2699 incudibus
998 2634 1115 2719 Aetne,
1206 2650 1258 2698 130
1385 2624 1386 2631 ¹

250 2744 322 2785 cum
341 2722 480 2786 Brontes
497 2720 713 2808 Steropesque
731 2723 820 2808 ferit,
838 2746 897 2789 nec
915 2724 1017 2788 maior
1036 2723 1076 2787 ab
1097 2723 1197 2787 antris

250 2810 429 2875 Lemniacis
452 2812 562 2896 fragor
584 2817 646 2898 est,
668 2811 726 2876 ubi
748 2813 914 2877 flammeus
937 2812 1050 2899 aegida
1072 2811 1176 2876 caelat

250 2897 409 2963 Mulciber
432 2903 465 2963 et
487 2901 584 2965 castis
607 2905 742 2965 exornat
764 2900 895 2964 Pallade
917 2901 1017 2965 donis.

252 2987 440 3051 decrescunt
462 2989 596 3073 scopuli,
619 2994 651 3053 et
673 3011 766 3053 rosea
789 2989 849 3053 sub
872 2989 943 3054 luce
966 2989 1085 3053 reversi

249 3074 388 3139 artifices
410 3074 569 3143 mirantur
591 3100 682 3161 opus.
725 3077 782 3159 uix
805 3099 907 3142 annus
930 3078 1059 3142 anhelat
1205 3093 1258 3141 135

251 3164 346 3247 alter,
369 3167 403 3226 et
425 3163 550 3250 ingenti
574 3166 661 3231 dives
683 3166 873 3249 'lirynthius
896 3188 969 3231 arce

252 3252 417 3334 despectat
439 3253 556 3319 1111111
579 3258 611 3319 11
633 3255 760 3319 iunctae
783 3258 869 3319 tecta
890 3276 1045 3319 novercae

324 3434 374 3480 111
394 3444 538 3496 umquam:
558 3445 675 3498 usquam
693 3431 834 3485 Baehrens
910 3446 1008 3484 exesus
1027 3432 1121 3501 (priua
1139 3446 1152 3483 s
1170 3446 1258 3499 capra

250 3518 275 3554 o.
295 3501 358 3555 add.
378 3501 414 3568 111)
487 3505 536 3552 117
556 3500 714 3569 conscripta
731 3501 888 3555 formantur
902 3500 1025 3571 imagine
1038 3500 1145 3571 templa
1159 3501 1257 3555 Mark-

252 3571 353 3625 taadus
443 3577 493 3624 119
511 3570 606 3625 trabes
623 3589 661 3626 m:
686 3571 782 3627 trahes
864 3578 913 3625 121
932 3573 1112 3627 Proctectura
1129 3574 1223 3641 (praua
1241 3589 1258 3624 c

251 3641 303 3696 dcl.
321 3641 372 3711 1¹)
445 3647 494 3697 128
513 3641 641 3710 ditesque
659 3659 742 3712 capre
760 3644 843 3713 (quod
860 3644 982 3709 defendit
994 3644 1163 3712 3111111111
1183 3642 1258 3697 dites

252 3710 376 3781 Capreae
395 3729 411 3771 ς
484 3719 534 3766 137
553 3712 677 3769 iunctae:
696 3712 788 3768 victae
807 3733 824 3766 a
