2925 4192
232 378 277 443 90
415 378 446 435 P.
465 378 589 433 PAPINl
607 378 724 431 STATII
743 377 927 433 SEVARUM
945 378 975 432 L.
990 378 1036 446 ΙΠ,
1052 384 1076 432 5.

231 521 324 587 dulce
348 522 392 587 sit
413 521 573 607 Iliacoque
596 523 709 609 iugum
731 521 940 588 memorabile
963 544 1067 607 remo,

233 633 290 680 eeu
313 610 376 675 tibi
399 611 535 676 Bacchei
558 612 666 676 vineta
689 611 850 677 madentia
873 610 971 676 Gauri

230 699 472 783 Teleboumque
494 700 618 785 domos,
641 699 777 784 trepidis
801 700 859 764 ubi
882 698 987 763 dulcia
1008 698 1116 764 nautis
1185 718 1240 765 roo

229 787 355 852 lumina
377 788 564 874 noctivagae
587 788 674 853 tollit
697 789 821 853 Pharus
844 789 969 853 aemula
989 787 1098 871 lunae,

230 898 367 961 caraque
389 898 455 942 non
476 877 567 941 molli
589 877 666 963 iuga
689 875 877 942 Surrentina
899 877 1019 961 Lyaeo,

230 987 313 1049 quae
337 987 428 1029 mens
450 970 524 1029 ante
547 964 627 1029 alios
649 965 816 1029 habitator
838 965 961 1030 Pollius
984 970 1096 1053 auget,

231 1052 456 1138 Aenarumque
479 1054 567 1118 lacus
589 1054 730 1119 medicos
754 1054 945 1138 Stabiasque
968 1059 1109 1119 renatas:

231 1142 320 1205 mille
343 1142 407 1207 tibi
428 1145 557 1207 nostrae
580 1143 717 1207 referam
739 1143 864 1209 telluris
888 1143 1034 1207 amores?
1187 1162 1238 1209 105

228 1230 286 1294 sed
309 1231 388 1295 satis
411 1231 485 1316 hoc,
508 1231 660 1319 coniunx,
683 1232 762 1297 satis
785 1236 835 1296 est
857 1232 988 1297 dixisse:
1026 1232 1144 1297 creavit

229 1342 280 1383 me
303 1319 380 1403 tibi,
403 1342 454 1384 me
477 1320 600 1385 socium
623 1320 738 1407 longos
761 1320 934 1387 adstrinxit
956 1319 991 1384 in
1013 1343 1121 1385 annos

229 1430 336 1473 norme
359 1409 438 1473 haec
461 1409 630 1473 amborum
653 1410 801 1496 genetrix
825 1409 984 1493 altrixque
1006 1408 1107 1473 videri

229 1496 350 1582 digna?
385 1497 441 1561 sed
463 1497 610 1584 ingratus
634 1498 689 1581 qui
712 1498 806 1582 plura
829 1498 963 1563 adnecto
986 1498 1114 1582 tuisque

228 1584 375 1649 moribus
397 1586 560 1651 indubit0:
595 1586 717 1670 venies,
741 1586 904 1651 carissima
926 1585 1079 1672 coniunx,
1184 1605 1235 1652 110

229 1674 479 1758 praeveniesque
498 1674 610 1759 etiam3
629 1675 696 1739 sine
715 1698 766 1739 me
786 1675 849 1740 tibi
867 1676 981 1740 ductor
998 1697 1153 1759 aquarum

226 1761 369 1845 Thybris
392 1766 425 1827 et
447 1763 588 1829 armiferi
611 1764 789 1829 sordebunt
811 1768 897 1829 tecta
920 1764 1053 1842 Quirini.

300 1960 351 2009 104
374 1956 569 2025 Aenarumque
592 1958 721 2012 Vollmer:
754 1956 962 2025 Denarumque:
995 1956 1188 2025 Aenariaeque
1208 1976 1233 2009 o:

226 2025 423 2095 Dimidiaeque
436 2028 579 2096 Imbofiue:
593 2027 784 2096 Inarimesque
808 2028 897 2099 Uayer
960 2026 1126 2096 Stabiasque
1145 2028 1235 2082 Heia-

224 2098 296 2152 siuc:
316 2096 477 2166 etesiaeque
550 2103 600 2151 110
618 2099 713 2153 venies
732 2099 785 2154 1¹:
804 2098 914 2153 veniam
931 2100 965 2167 (2)

298 2170 1233 2240 000000·00000·0000000-00000·000·000010-0000·

224 2257 305 2289 LIBER
320 2258 383 2291 ·n11
