2925 4192
259 360 301 424 12
608 359 638 415 P.
657 358 782 413 PAPlNI
800 358 918 414 STATII

256 505 333 570 huie
354 504 512 570 Hermum
533 505 687 588 {ulvoque
709 504 835 590 Tagum
857 503 1021 569 decurrere
1043 503 1130 587 limo,

260 633 302 641 —
316 615 377 659 neo
394 592 474 659 satis
492 593 533 657 ed
550 593 656 658 oultus
669 630 712 640 -
726 592 803 656 huie
815 590 895 656 Inda
909 592 1041 657 monilia
1056 591 1211 657 Glaucum

258 682 441 767 Proteaque
463 685 560 767 atque
583 703 711 747 omnem
733 680 873 757 Nereida
896 702 1048 765 quaerere
1070 680 1157 746 iussi.

259 773 342 835 hana
365 770 393 836 si
415 770 616 836 Thessalicos
639 770 783 852 vidisses,
806 769 946 855 Phoebe,
969 792 1029 854 per
1051 791 1147 856 agros
1220 786 1271 835 130

261 863 382 925 erraret
404 881 516 925 seeura
536 858 682 943 Daphne.
719 858 748 923 si
771 857 923 923 inlitora
945 857 1032 924 Naxi
1110 857 1117 875 ’

259 948 419 1013 Theseum
441 948 533 1012 iuxta
555 948 639 1012 foret
662 947 741 1011 haee
763 951 936 1031 eonspeota
958 946 1072 1031 ouhile,

262 1036 403 1102 Gnosida
426 1036 584 1102 desertam
606 1036 764 1121 profugus
786 1035 935 1119 liquisset
958 1039 991 1100 et
1012 1035 1138 1101 Euhan.

265 1124 437 1209 quodnisi
460 1147 512 1189 me
533 1124 641 1211 longis
664 1125 823 1208 placasset
845 1123 927 1189 Iuno
951 1123 1099 1209 querelis,

260 1214 361 1278 falsus
383 1213 459 1279 huie
481 1235 604 1297 pennas
627 1216 661 1277 et
684 1235 804 1278 oornua
827 1216 967 1277 sumeret
989 1212 1118 1277 aethrae
1221 1228 1273 1277 133

260 1306 374 1386 rector,
397 1302 431 1366 in
452 1302 633 1367 hanovere
657 1301 824 1365 oeeidisset
846 1300 994 1385 Iuppiter
1016 1323 1103 1367 auro.

263 1391 320 1456 sed
343 1390 474 1455 dabitur
496 1390 613 1473 iuveni,
636 1389 687 1455 eui
710 1394 757 1473 tu,
779 1411 850 1455 mea
873 1412 997 1454 summa
1020 1393 1173 1475 potestas,

262 1482 348 1565 nate,
370 1479 472 1563 eupis,
493 1478 628 1542 thalami
652 1478 798 1562 quamvis
821 1478 897 1564 iuga
920 1478 1002 1543 ferre
1026 1478 1157 1544 secundi

262 1590 359 1651 saepe
380 1571 479 1654 neget
501 1589 653 1632 maerens.
690 1566 796 1650 ipsam
818 1566 883 1631 iam
906 1567 1016 1631 oedere
1040 1567 1125 1632 sensi

261 1658 359 1740 inque
380 1678 483 1721 neem
506 1655 649 1739 tepuisse
671 1655 761 1720 mro?
1221 1672 1273 1720 140
1371 1676 1373 1679 ·

803 1743 848 1809 sio
870 1743 938 1809 fata
959 1744 1078 1810 levavit

264 1834 404 1898 sidereos
427 1836 516 1897 artus
538 1832 736 1916 thalamique
760 1854 888 1919 egressa
911 1833 1087 1916 superbum

264 1921 364 1986 limen
385 1920 576 2006 Amyclaeos
598 1920 639 1985 ad
661 1921 752 1986 irena
774 1921 885 1986 citavit
908 1921 1021 1986 olores.

264 2010 372 2097 iungit
393 2009 495 2075 Amor
516 2011 698 2094 laetamque
721 2011 840 2074 vehens
863 2032 922 2094 per
943 2010 1058 2075 nubila
1079 2014 1216 2074 matrem

286 2103 425 2164 ammoto
448 2103 576 2164 temone
600 2098 697 2163 sedet.
734 2098 798 2163 iam
821 2098 995 2182 Thybridis
1018 2120 1105 2163 arees

262 2122 391 2252 Diaoae:
414 2186 528 2270 pandit
549 2186 671 2251 nitidos
694 2186 807 2251 domus
831 2186 896 2250 elta
918 2190 1051 2270 penates
1221 2204 1274 2252 145

264 2276 411 2359 claraque
434 2275 612 2361 gaudentes
634 2274 825 2357 plauserunt
846 2274 958 2339 limina
981 2274 1084 2360 cygni.

264 2364 362 2449 digna
385 2363 461 2427 deae
485 2363 585 2445 sedes,
606 2362 718 2426 nitidis
740 2384 800 2427 nee
823 2362 931 2427 sordet
954 2363 995 2427 ab
1019 2363 1122 2428 astris,

263 2452 317 2515 hio
338 2451 481 2535 Libycus
504 2449 729 2538 Phrygiusque
753 2451 843 2535 silex,
865 2451 918 2515 hie
941 2451 1020 2515 dura
1041 2451 1205 2517 Laeonum

265 2562 343 2605 saxa
364 2539 479 2624 virent,
501 2538 554 2603 hie
576 2540 679 2604 flexus
702 2561 788 2623 onyx
812 2543 845 2603 et
868 2540 1017 2605 eonoolor
1038 2540 1105 2606 alto
1232 2603 1236 2610 .

265 2651 347 2694 vena
368 2628 449 2693 mari
473 2649 634 2712 rupesque
655 2627 772 2713 nitent,
796 2628 868 2711 quis
891 2651 1036 2713 purpura
1058 2650 1153 2713 saepe
1223 2646 1276 2695 150

266 2717 397 2783 Oebalis
420 2721 453 2782 et
475 2716 565 2802 Tyrii
587 2716 770 2782 moderator
792 2716 871 2782 livet
894 2718 972 2781 aeni.

264 2807 407 2891 pendent
429 2805 606 2871 innumeris
628 2805 759 2892 fastigia
781 2805 858 2870 nixa
881 2806 1044 2892 oolumnis,

338 3004 389 3052 135
407 2997 609 3052 Priscianus
631 2998 658 3051 II
684 3015 711 3067 p.
728 3003 761 3052 1o
784 2998 881 3054 Hertz:
912 2998 1030 3054 ‘Statius
1058 3016 1168 3069 quoque
1195 2999 1275 3054 huie

265 3069 378 3123 ridetur
394 3067 545 3137 protulisse
563 3085 613 3139 per
631 3068 772 3123 diaeresin
789 3068 819 3122 in
837 3068 927 3138 primo
942 3069 1076 3124 silvarum
1095 3114 1101 3125 .
1122 3115 1127 3125 .
1148 3113 1153 3124 .
1174 3114 1180 3126 .
1199 3070 1275 3124 idem

265 3140 296 3193 in
314 3139 425 3193 eodem:
444 3138 566 3193 Falsus
585 3172 619 3181 —
638 3140 804 3194 aethrae’.

340 3358 390 3407 128
408 3350 489 3407 inda:
508 3352 605 3405 udam
677 3356 727 3405 129
746 3352 922 3420 Protheaque
995 3356 1045 3406 131
1065 3352 1183 3421 Daphne
1202 3353 1227 3407 si
1245 3353 1277 3406 in

267 3427 419 3480 Baehrens:
440 3422 539 3477 dafnes
557 3421 599 3476 in:
618 3422 780 3493 Daphnaei
801 3424 905 3477 Tollius
967 3427 1017 3476 135
1036 3438 1155 3493 pennas:
1174 3424 1276 3493 pinnas

268 3496 410 3551 Paraetoni
428 3495 504 3550 codd.
523 3495 620 3563 optimi
723 3498 775 3547 133
793 3509 871 3547 vero:
890 3509 969 3548 verso
988 3494 1153 3565 Herzoye'as:
1172 3494 1276 3548 iterum

267 3567 448 3632 Burmannus
538 3570 588 3619 142
607 3564 712 3633 Lymen
731 3564 783 3635 (Ly
800 3588 835 3612 ω
853 3565 890 3634 Ir)
976 3569 1027 3617 144
1046 3580 1124 3619 arees
1143 3584 1181 3619 aa
1200 3568 1276 3619 artes

267 3639 385 3692 voluerit
411 3637 557 3704 librariae,
583 3637 700 3690 dubium
725 3642 764 3691 est
871 3640 922 3688 147
940 3633 1039 3689 nitidis
1059 3653 1085 3691 o:
1104 3634 1204 3690 viridis

269 3714 320 3762 143
339 3708 440 3762 flexus:
458 3707 554 3761 h1seus
572 3707 719 3762 Heinsius:
739 3705 827 3758 flavus
848 3705 1001 3777 Hrrroqe'as

1387 711 1393 769 t
