2925 4192
271 387 335 451 124
616 387 646 440 Ρ.
664 385 788 439 PAPINI
807 384 923 440 STATII

269 530 416 618 coniugis
437 532 649 615 hortaturque
671 530 768 594 simul
790 530 955 613 flectitque
977 529 1113 594 labores.
1228 547 1278 594 120

270 621 341 703 ipsa
363 620 462 704 dapes
484 620 624 684 modicas
647 622 680 683 et
703 619 812 683 sobria
834 617 950 702 pocula
972 618 1084 703 tradit,

272 710 519 793 exemplumque
538 708 577 772 ad
596 707 674 773 erile
692 711 815 791 monet3
833 707 922 771 velut
944 706 1054 791 Apula
1072 708 1211 772 coniunx

270 797 429 884 agricolae
454 797 541 881 parci
563 798 615 861 vel
638 795 706 860 sole
728 796 848 860 infecta
870 794 1002 880 Sabina,

270 908 351 970 quae
374 886 461 951 videt
484 885 609 950 emeriti
632 885 697 949 iam
719 884 1003 968 prospectantibus
1026 885 1121 950 astris

269 979 398 1058 tempus
421 976 531 1039 adesse
554 973 628 1059 viri,
651 995 791 1057 propere
809 995 997 1057 mensasque
1016 977 1168 1057 torosque
1228 992 1277 1039 125
1387 1000 1388 1007 ¹

268 1064 401 1128 instruit
423 1067 635 1147 expectatque
658 1084 772 1126 sonum
795 1062 958 1126 redeuntis
981 1062 1087 1127 aratri.

270 1175 369 1235 parva
386 1152 509 1236 loquor.
554 1155 661 1215 tecum
680 1150 803 1235 gelidas
821 1172 927 1215 comes
946 1150 1002 1213 illa
1020 1172 1079 1234 per
1097 1155 1202 1216 arctos

269 1240 524 1325 Sarmaticasque
542 1240 664 1304 hiemes
682 1239 894 1323 Histrumque
913 1242 946 1302 et
963 1239 1084 1322 pallida
1100 1239 1206 1303 Rheni

268 1329 402 1416 frigora,
425 1334 531 1394 tecum
555 1350 665 1393 omnes
687 1328 795 1393 animo
818 1328 931 1393 durata
953 1350 1013 1411 per
1035 1333 1142 1393 aestus

270 1422 315 1503 et,
338 1418 366 1483 si
389 1422 493 1483 castra
516 1418 641 1499 darent,
663 1416 762 1481 vellet
786 1421 912 1502 gestare
935 1416 1117 1501 pharetras,
1226 1434 1278 1482 130

268 1507 366 1571 vellet
391 1506 563 1573 Amazonia
585 1507 671 1569 latus
694 1505 909 1569 intercludere
932 1506 1034 1589 pelta3

269 1596 345 1659 dum
368 1600 400 1660 te
424 1595 576 1679 pulverea
598 1593 760 1658 bellorum
785 1594 872 1658 nube
895 1593 1018 1658 videret

270 1683 415 1748 Caesarei
437 1705 541 1767 prope
563 1682 685 1746 fulmen
710 1682 786 1765 equi
809 1682 978 1766 divinaque
1001 1684 1067 1747 tela
1094 1739 1097 1744 .

268 1772 450 1837 vibrantem
473 1776 507 1836 et
530 1794 665 1857 magnae
688 1793 835 1854 sparsum
858 1771 1029 1837 sudoribus
1052 1772 1172 1837 hastae.

333 1861 487 1926 hactenus
494 1860 579 1925 alma
587 1860 706 1944 chelys.
718 1864 847 1943 tempus
854 1882 939 1924 nunc
948 1882 1067 1943 ponere
1075 1861 1214 1945 frondes,
1226 1879 1276 1925 135

268 1949 412 2033 Phoebe,
434 1954 508 2014 tuas
526 1953 711 2032 maestaque
729 1970 853 2013 comam
871 1949 1020 2014 damnare
1039 1971 1200 2034 cupresso.

274 2038 421 2122 quisnam
444 2039 605 2122 impacata
627 2038 907 2123 consanguinitate
930 2038 1044 2124 ligavit

268 2127 444 2192 Fortunam
462 2126 683 2210 Invidiamque
702 2126 803 2190 deus?
840 2126 911 2209 quis
930 2126 1024 2191 iussit
1045 2128 1172 2212 iniquas

269 2220 435 2280 aeternum
459 2217 579 2280 bellare
602 2215 698 2279 deas?
735 2215 897 2279 nullamne
919 2216 1050 2280 notabit

268 2304 325 2367 illa
348 2304 491 2389 domum,
513 2308 606 2368 torvo
630 2325 726 2387 quam
749 2326 815 2368 non
838 2304 917 2367 haec
937 2303 1058 2368 lumine
1080 2305 1161 2391 figat
1226 2322 1278 2369 140

268 2393 418 2476 protinus
441 2396 475 2455 et
497 2414 591 2456 saeva
614 2391 788 2476 proturbet
810 2392 928 2477 gaudia
950 2393 1084 2458 dextra?

267 2481 427 2546 florebant
449 2480 568 2545 hilares
582 2480 833 2563 *inconcussique
857 2485 1003 2564 penates:

267 2569 316 2633 nil
339 2573 505 2634 maestum.
547 2569 624 2653 quid
642 2570 742 2652 enim,
766 2569 910 2652 quamvis
929 2570 1026 2634 infida
1043 2570 1201 2654 levisque,

269 2657 401 2723 Caesare
424 2662 492 2722 tam
515 2658 628 2722 dextro
652 2661 763 2741 posset
784 2657 928 2722 Fortuna
951 2658 1081 2723 timeri?

267 2748 417 2814 invenere
440 2747 525 2811 viam
546 2746 680 2810 liventia
697 2746 787 2831 Fata,
809 2747 963 2831 piumque
1226 2763 1278 2812 143

268 2836 400 2900 intravit
422 2836 471 2901 vis
494 2858 588 2900 saeva
609 2836 717 2899 larem.
764 2835 809 2900 sic
832 2834 928 2919 plena
950 2835 1092 2922 maligno

268 2925 427 2990 adflantur
449 2925 558 2990 vineta
579 2928 672 3007 noto,
694 2923 740 2987 sic
762 2924 828 2988 alta
850 2923 986 2988 senescit

268 3014 372 3078 imbre
395 3036 487 3100 seges
509 3013 624 3096 nimio,
646 3012 777 3096 rapidae
801 3012 846 3077 sic
869 3013 965 3077 obvia
988 3013 1093 3097 puppi

268 3101 390 3166 invidet
412 3107 445 3165 et
467 3102 547 3167 velis
570 3101 739 3165 adnubilat
762 3123 839 3166 aura
861 3101 1015 3166 secundia.

268 3190 411 3273 carpitur
434 3190 587 3254 eximium
609 3190 690 3253 Fato
714 3189 860 3254 Priscilla
884 3190 1044 3276 decorem3
1227 3208 1278 3255 1oo

340 3387 389 3435 121
408 3382 497 3436 tradit
514 3382 544 3451 (d
562 3400 596 3437 ea
613 3382 632 3437 b
650 3383 701 3450 1¹)
774 3385 939 3437 1221113331
1010 3388 1061 3437 123
1080 3382 1155 3452 parti
1226 3382 1275 3436 Sa-

267 3453 336 3507 bina
354 3454 500 3508 Halmius:
529 3451 627 3506 sabino
737 3458 787 3508 126
806 3452 949 3507 redeuntis
968 3471 996 3514 5:
1024 3452 1206 3508 redeuntibus

270 3530 320 3578 121
339 3523 403 3577 illa:
422 3523 463 3578 ire
477 3524 612 3579 Schrader
673 3529 723 3577 132
742 3524 888 3593 pulverea:
906 3523 1070 3593 pulvereum
1084 3526 1225 3580 Baeluens

270 3601 320 3649 133
340 3594 518 3654 Caesareis:
538 3592 652 3649 Caesari
725 3600 775 3648 139
794 3594 907 3649 notabit
924 3597 1072 3651 Bartba'as:
1091 3596 1203 3650 notavit

267 3672 320 3789 ἵ
338 3667 399 3719 tam
416 3666 515 3719 dextro
533 3665 585 3720 11¹:
605 3663 781 3720 dextralem
873 3671 923 3719 149
943 3665 1105 3721 adnubilat:
1129 3666 1279 3721 obnubilat

303 3738 455 3791 artlaadas
