2925 4192
635 354 840 409 PRAEFATIO
1184 355 1246 410 XLI

233 501 396 583 ‘soporae'e
420 525 472 565 cur
489 505 577 565 laeva
595 523 687 565 manu
705 505 762 574 dea
779 506 909 565 iaculum
926 506 1040 581 mittat,
1058 525 1119 565 non
1136 506 1245 583 liquet:

233 595 338 655 deinde
351 595 383 653 H
396 596 489 672 praef.
500 597 543 655 30
557 595 741 658 carissimam
758 614 883 654 uxorum
898 593 1013 654 Statius
1026 595 1144 655 Pollam
1161 589 1248 656 nullo

232 687 328 763 pacto·
350 685 451 761 potnit
482 685 648 761 appellare:
679 684 833 744 rarissima
855 703 925 745 vero
949 687 996 745 est
1022 702 1146 755 uxorum
1169 686 1248 744 sicut

232 773 261 832 V
276 778 304 850 1,
320 776 360 833 -11
387 768 514 834 ‘laudati
535 773 651 834 iuvenis
673 773 827 833 rarissima
858 765 1008 854 coniux'¹)
1037 775 1068 832 et
1089 773 1133 832 IV
1152 774 1181 850 8,
1201 775 1247 834 32-

233 858 387 925 ‘iuvenum
409 857 579 922 rarissimc'.

301 951 380 1028 quod
411 970 499 1028 porro
522 943 567 1012 Μ2
599 950 637 1009 ad
668 950 786 1025 113,3
818 950 976 1027 adscripsit
1004 945 1122 1027 ‘nodis',
1150 953 1250 1011 metro

233 1040 384 1102 laboranti
406 1041 528 1100 minime
547 1040 692 1100 succurrit
708 1059 805 1116 nequa
823 1040 924 1099 sensui
941 1043 1046 1117 aptum
1064 1041 1117 1099 est.
1149 1040 1247 1100 falsis·

234 1131 342 1190 simum
359 1148 430 1189 vero
449 1132 494 1188 est
512 1128 592 1206 quod
609 1128 653 1187 IV
673 1130 702 1204 6,
717 1130 758 1188 37
784 1123 928 1188 ‘inclusit’
947 1128 1036 1188 scribi
1053 1129 1162 1188 voluit:
1186 1124 1252 1189 ‘Ina

233 1213 339 1279 dulsit'
360 1219 447 1280 unice
475 1237 579 1283 verum
606 1220 659 1277 est.
704 1217 831 1294 Ipraef.
847 1219 888 1276 35
918 1218 1061 1278 leviorem
1090 1218 1247 1278 lectionem

233 1309 352 1368 videtur
370 1308 498 1367 effecisse
516 1298 560 1367 Μ2
578 1306 678 1366 deletu
696 1305 814 1383 syllaba
832 1301 914 1366 ‘sce'z
933 1307 1094 1385 genuinam
1112 1307 1248 1382 explosit.

234 1434 361 1509 apparet
379 1432 458 1491 enim
472 1426 541 1490 ‘est'
560 1431 640 1514 quod
659 1430 771 1509 legitur
789 1433 860 1491 ante
879 1391 1016 1492 ‘valtis'
1034 1432 1066 1489 in
1084 1432 1246 1508 archetypo

234 1523 326 1582 fuisse
345 1516 384 1580 ‘e'
400 1521 479 1597 quod
496 1540 551 1596 pro
571 1515 617 1578 ‘·‹'
632 1512 690 1602 (=
702 1512 771 1602 con)
787 1522 959 1597 corruptum
977 1522 1036 1580 est:
1056 1520 1248 1597 quamobrem

233 1610 399 1686 Heinsium,
419 1610 470 1686 qui
489 1603 730 1670 ‘convalescenti’
748 1609 890 1685 restituit,
908 1608 1012 1670 verbm
1029 1609 1138 1670 vidisse
1160 1627 1248 1669 nemo

234 1699 366 1777 negabit.
411 1693 557 1759 ‘valenti'
586 1701 686 1758 autem
714 1698 754 1756 ad
776 1698 924 1758 Rutilium
947 1697 1097 1758 Gallicum
1125 1699 1248 1758 minime

236 1789 372 1865 quadrat.
399 1788 522 1864 Ipraef.
538 1789 579 1848 23
594 1781 738 1847 ‘centum’
752 1806 853 1848 versus
869 1786 999 1846 Statium
1013 1788 1121 1846 dixisse
1134 1787 1249 1864 primus

234 1876 386 1938 Krohnius
409 1877 575 1954 perspexit:
597 1876 676 1935 male
694 1875 848 1935 intellecta
866 1876 999 1952 ligatura
1021 1871 1079 1934 ‘nt'
1097 1876 1249 1936 nonnullis

235 1967 309 2026 locis
336 1966 410 2025 mire
437 1966 568 2024 formata
595 1965 693 2025 locum
720 1963 857 2023 laborare
885 1965 1053 2040 corruptela
1079 1968 1163 2024 ratus
1186 1983 1249 2024 ccr-

235 2058 334 2115 rector
361 2049 417 2113 ‘er'
446 2073 536 2131 supra
558 2073 661 2114 vocem
684 2053 816 2129 scripsit,
839 2056 874 2112 ut
901 2055 978 2113 esset
1001 2047 1164 2112 ‘ceterum'.
1200 2053 1249 2111 de·

235 2143 332 2221 nique'
349 2146 384 2202 ut
406 2143 495 2202 finem
517 2143 661 2203 faciamus
681 2143 744 2201 eius
767 2143 965 2219 castigatione
983 2141 1104 2218 Ipraef.
1120 2144 1162 2202 37
1187 2136 1249 2200 ‘do-

235 2228 379 2292 momum'
406 2233 478 2292 licet
504 2234 676 2308 corruptum
703 2230 829 2291 necdum
856 2233 937 2290 certa
963 2231 1080 2291 medela
1111 2233 1249 2291 sanatum

235 2323 358 2381 minime
378 2321 480 2381 debuit
498 2321 590 2380 doleri
608 2340 702 2397 neque
723 2339 741 2379 a
760 2323 924 2380 correctore
942 2340 1037 2397 neque
1056 2320 1249 2379 aVollmero.

237 2412 327 2489 plano
351 2411 430 2468 enim
452 2410 619 2471 necessaria
642 2412 687 2468 est
706 2409 809 2485 aliqua
831 2410 915 2468 notio
938 2429 998 2486 qua
1020 2408 1096 2469 illud
1117 2428 1252 2469 macrum

239 2499 428 2560 enuntiatum
447 2501 592 2577 augeatur
609 2519 705 2575 neque
725 2499 777 2574 qui
794 2498 871 2557 illud
893 2501 1059 2557 monstrum
1081 2500 1113 2557 in
1134 2501 1252 2557 textum

237 2589 392 2666 pervenire
415 2589 557 2665 potuerit,
580 2588 653 2648 satis
675 2587 862 2664 perspicitur.
891 2588 953 2645 iam
972 2587 1098 2662 quidde
1118 2587 1252 2646 cislocis

239 2677 437 2737 iudicabimus
470 2696 543 2754 quos
575 2680 611 2736 ut
641 2677 747 2736 dubios
777 2675 907 2752 reliqui?
952 2676 1049 2752 11‚2
1074 2669 1251 2752 ‘peractum'

239 2767 372 2844 potuisse
396 2767 565 2826 coniectura
587 2765 715 2824 inveniri
738 2784 825 2824 nemo
847 2765 959 2824 infitias
982 2765 1047 2824 ibit.
1092 2763 1250 2840 111,125

240 2856 319 2933 quod
337 2857 370 2914 in
387 2849 418 2916 bl
436 2855 548 2933 legitur
570 2848 677 2912 ‘iuxta’
695 2855 792 2912 teneri
813 2856 926 2930 potest:
937 2854 1039 2917 ,immo
1057 2852 1251 2912 Marklandus

239 2938 348 3004 ‘iuxta'
362 2945 489 3004 coniecit
506 2962 560 3020 pro
580 2961 613 3002 eo
634 2942 712 3018 quod
730 2943 763 3000 in
777 2943 838 3002 suis
855 2941 940 3000 libris
957 2943 1113 3001 invenerat
1126 2935 1253 3000 ‘mixta'.

240 3053 294 3092 nec
317 3053 377 3092 non
399 3032 526 3110 Ipracf.
547 3035 589 3093 20
613 3033 676 3090 sine
703 3031 759 3090 illa
785 3031 955 3091 coniectura
977 3021 1022 3090 ll²
1044 3031 1083 3089 ad
1105 3031 1253 3107 liquidum

241 3121 364 3200 perduci
386 3124 498 3198 potest:
530 3120 675 3180 Politiani
702 3121 781 3179 enim
810 3120 980 3179 coniectura
1002 3119 1131 3196 probata
1152 3121 1253 3197 legen·

240 3212 311 3270 dum
330 3230 394 3270 esse
418 3229 535 3289 censeo:
559 3205 662 3286 ‘quam
679 3210 771 3268 timec
789 3203 1045 3286 ne—probentl’
1075 3227 1152 3267 unus
1169 3209 1252 3267 locus

239 3302 335 3360 restat
358 3319 446 3376 quem
469 3299 617 3376 quomodo
641 3297 785 3373 explicem
808 3317 915 3375 anceps
937 3299 1058 3358 haereo:
1081 3298 1208 3374 Ipraef.
1224 3298 1253 3373 6,

239 3389 293 3449 ubi
315 3389 396 3466 quod
418 3391 566 3448 corrector
584 3380 628 3449 ll²
651 3387 766 3463 elicuit,
789 3381 862 3463 ‘qua
883 3390 969 3464 parte
992 3381 1127 3448 voluisti’
1148 3406 1203 3462 per
1221 3405 1252 3446 se

241 3497 360 3538 sensum
381 3478 590 3554 probissimum
612 3475 743 3552 praebet.
774 3476 827 3536 sed
845 3477 993 3552 quomodo
1015 3477 1089 3535 haec
1111 3477 1144 3534 in
1161 3474 1254 3536 verba

241 3562 314 3644 ‘qua
331 3569 415 3643 peste
435 3569 465 3625 et
487 3560 622 3626 voluisti'
645 3565 725 3624 abire
747 3564 929 3640 potuerunt?
953 3569 1030 3625 certe
1054 3565 1080 3624 si
1102 3565 1134 3622 in
1157 3583 1252 3623 exem·

249 3754 251 3758 .
315 3721 340 3790 1)
360 3734 432 3788 quac
451 3717 621 3790 significatio
640 3716 727 3771 etiam
745 3715 776 3770 in
792 3717 887 3771 titulis
905 3715 1032 3771 occurrit.
