2925 4192
595 387 780 442 SILVARUM
798 387 828 443 L.
844 387 889 457 IV,
904 394 928 443 9.
997 397 999 401 ’

347 536 385 595 tu
407 554 516 596 rosum
539 531 636 595 tineis
659 532 788 615 situque
811 535 953 617 putrem,
1046 555 1059 590 ι

348 620 459 704 quales
481 624 538 684 aut
559 619 694 703 Libycis
717 620 846 684 madent
869 620 962 685 olivis

348 713 404 773 aut
426 713 480 773 tus
502 707 665 775 Niliacum
687 709 821 792 piperve
845 713 972 773 servant

347 801 403 861 aut
425 797 637 881 Byzantiacos
660 798 770 862 colunt
791 798 943 883 lacertos,

346 908 406 950 nec
428 886 543 950 saltam
565 890 622 949 tua
645 885 730 951 dicta
753 886 984 971 continentem,

349 997 430 1059 quae
452 974 539 1039 trino
562 974 687 1038 iuvenis
710 975 781 1039 foro
804 975 953 1058 tonabaS,

346 1067 403 1127 aut
425 1067 555 1127 centum
577 1085 681 1146 prope
704 1062 839 1147 iudices,
862 1063 1048 1148 priusquam

252 1209 255 1215 .
345 1157 379 1216 te
403 1149 610 1216 Germanicus
632 1151 792 1216 arbitrum
815 1152 962 1235 sequenti

346 1263 491 1306 annonae
514 1240 603 1304 dedit
626 1240 833 1324 omniumque
855 1240 920 1304 late

346 1329 503 1414 praefecit
526 1328 722 1394 stationibus
745 1328 882 1415 viarum,

346 1418 401 1483 sed
423 1417 517 1483 Bruti
540 1417 626 1482 senis
649 1418 855 1483 oscitationes

346 1508 385 1571 de
408 1528 505 1591 capsa
526 1506 636 1570 miseri
659 1506 835 1571 libellionis

347 1594 971 1766 ‹elbiiisumulibhseIblilihheasdseefubiiihllO'

347 1772 448 1835 caesis
469 1770 568 1854 pillea
591 1775 664 1835 suta
687 1771 725 1836 de
749 1772 884 1836 lacernis

347 1860 399 1923 vel
421 1859 574 1923 mantelia
595 1859 758 1924 luridaeve
781 1882 932 1944 mappae,

348 1948 477 2012 chartae
500 1948 718 2012 Thebaicaeve
743 1947 934 2013 Caricaeve?

346 2058 506 2121 nusquam
528 2036 659 2100 turbine
683 2037 831 2101 conditus
854 2038 960 2101 ruenti
1041 2060 1042 2063 ¹

347 2147 524 2210 primorum
548 2124 667 2211 globus
689 2129 788 2209 atque
811 2126 1034 2190 cottanorum?

258 2275 260 2277 ,
347 2237 411 2279 non
435 2213 606 2297 enlychnia
628 2213 814 2299 sicca‚2non
836 2214 990 2299 replictae
1037 2240 1042 2265 r

347 2303 523 2367 bulborum
544 2302 694 2367 tunicae?
729 2325 789 2367 nec
813 2325 872 2368 ova
895 2308 1022 2367 tantum

349 2414 407 2456 nec
429 2391 518 2455 lenes
540 2390 667 2455 halicae
685 2412 746 2455 nec
769 2414 919 2476 asperum
941 2392 1012 2457 far?

347 2502 506 2563 nusquam
530 2478 700 2564 Cinyphiis
723 2481 840 2567 vagata
863 2481 985 2565 campis
1074 2538 1075 2541 ,

348 2590 517 2632 curvarum
540 2569 654 2632 domus
676 2569 740 2633 uda
763 2570 963 2634 coclearum?

347 2678 413 2720 non
435 2656 561 2720 lardum
583 2678 681 2741 grave
705 2657 861 2722 debilisve
884 2658 1006 2742 perna?

346 2766 413 2809 non
434 2744 591 2827 lucanica,
613 2765 681 2808 non
703 2767 817 2830 graves
840 2746 957 2829 falisci,

347 2854 414 2898 non
436 2832 484 2896 sal
507 2854 729 2915 oxyporumve
753 2855 911 2919 caseusve‚

349 2925 406 2985 aut
427 2942 527 3005 panes
549 2920 717 2985 viridantis
741 2920 922 3005 aphronitri

332 3173 365 3220 12
384 3166 527 3220 miliacum
607 3172 640 3219 13
660 3167 768 3223 colunt:
788 3168 865 3221 olent
882 3168 1016 3223 Heinsius
1096 3174 1129 3222 21
1148 3165 1269 3222 libellio-

258 3238 303 3293 nis
323 3256 352 3299 s:
370 3236 530 3293 libelliones
637 3244 672 3292 24
690 3239 792 3294 caesis:
818 3238 912 3293 scissis
930 3239 1066 3294 Heinsius
1156 3241 1221 3293 suta
1239 3254 1268 3297 s:

260 3308 333 3364 sicta
352 3311 403 3379 (cel
421 3312 485 3363 suta
503 3311 545 3364 cel
562 3309 647 3380 sicca)
730 3315 763 3364 26
784 3309 903 3364 carthae
991 3314 1024 3364 28
1044 3312 1221 3365 cottanorum
1240 3325 1269 3368 ςε

259 3383 438 3435 cattanorum
492 3386 525 3433 29
545 3380 706 3449 enlychnia:
725 3380 866 3450 ellychnia
884 3382 964 3453 aalys
1019 3386 1052 3435 30
1070 3380 1221 3436 bulborum
1239 3395 1269 3438 s:

260 3451 404 3507 Bullorum
459 3458 491 3504 31
512 3452 589 3506 lenes
608 3452 757 3508 Heinsius:
775 3452 852 3507 leves
906 3458 940 3507 34
958 3468 1057 3523 grave:
1075 3452 1160 3508 breve
1174 3451 1271 3505 Maeli·

260 3524 361 3579 tanais
451 3528 484 3576 35
502 3522 643 3577 Lucanica
661 3523 702 3575 Μ’
718 3525 826 3593 repetiit
843 3527 875 3579 ia
892 3542 943 3596 τηρ.
1029 3528 1062 3577 36
1082 3536 1270 3592 oxyporumve

260 3596 300 3649 ed.
315 3595 436 3650 Aldina:
455 3593 632 3663 oxyforumve
705 3600 739 3648 37
758 3604 851 3652 atram
864 3594 1014 3651 nitidantis
1028 3612 1067 3651 aa
1079 3592 1229 3649 viridantis
1243 3597 1270 3643 Μ

260 3666 437 3805 Ἤιαιζὲιρπ
450 3666 533 3734 facile
546 3667 714 3722 contenderis
718 3690 729 3735 ‚·
747 3668 819 3723 iliad
836 3668 1011 3722 veriamilias
1066 3663 1222 3736 aphronitri
1240 3679 1269 3722 s:

261 3752 279 3789 ὃ
310 3751 371 3789 rom
385 3754 410 3788 n
