2925 4192
551 363 735 417 snvsaou
753 363 783 417 n.
798 365 830 432 v,
847 371 870 419 3.

210 506 265 571 vix
288 507 427 591 cepisset
450 529 539 593 ager,
563 508 591 571 si
614 530 673 592 per
695 531 747 573 me
771 512 857 573 serta
879 509 1008 575 tulisses

211 594 364 660 Caesarea
386 594 504 660 donata
526 599 636 660 manu!
673 597 760 681 quod
782 598 919 663 subdere
942 600 1041 663 robur

210 684 267 748 illa
290 683 371 770 dies,
394 688 550 768 quantum
573 685 682 769 potuit
705 686 882 769 dempsisse
905 690 1063 752 senectae!
1167 706 1221 753 230

209 795 285 837 nam
308 772 394 856 quod
416 795 467 836 me
490 773 593 838 mixta
616 796 752 858 quercus
774 797 840 840 non
862 775 980 859 pressit
1003 776 1100 860 oliva,

210 864 243 925 et
265 860 352 947 fugit
374 865 522 945 speratus
544 862 660 927 honos:
698 885 794 947 quam
817 863 908 928 dulce
931 865 1076 949 parentis

211 949 319 1014 invida
342 949 458 1033 Tarpei
482 953 625 1033 caperes!
648 955 681 1015 te
703 956 815 1016 nostra
837 952 994 1039 magistro

211 1038 352 1103 Thebais
375 1040 535 1125 urguebat
558 1039 738 1124 priscorum
761 1041 891 1105 exordia
913 1048 1034 1125 vatum,

211 1131 250 1189 tu
272 1130 385 1191 cantus
408 1127 574 1192 stimulare
597 1151 699 1213 meos,
721 1132 759 1193 tu
782 1130 922 1213 pandere
945 1130 1029 1194 facta
1168 1149 1221 1197 235

209 1215 345 1280 heroum
368 1215 510 1300 bellique
533 1217 645 1281 modos
668 1217 859 1302 positusque
883 1219 1025 1283 locorum

209 1304 421 1369 monstrabas.
465 1305 556 1369 labat
578 1306 700 1371 incerto
724 1306 805 1370 mihi
827 1307 930 1371 limite
953 1329 1064 1372 cursus

209 1397 242 1456 te
265 1393 333 1457 sine
357 1398 390 1457 et
413 1393 545 1458 orbatae
569 1394 710 1480 caligant
734 1395 804 1459 vela
826 1395 960 1460 carinae.

207 1503 267 1546 nec
290 1482 396 1547 solum
417 1482 509 1569 larga
532 1488 651 1548 memet
672 1484 797 1567 pietate
820 1484 965 1549 fovebas:

208 1569 284 1633 talis
307 1574 340 1634 et
362 1570 397 1634 in
418 1570 587 1636 thalamos.
633 1595 697 1637 una
719 1572 783 1636 tibi
806 1573 936 1659 cognita
958 1573 1051 1637 taeda
1168 1592 1221 1638 240

209 1658 361 1743 conubia,
384 1680 468 1722 unus
490 1681 587 1724 amor.
633 1665 718 1725 certe
742 1661 909 1748 seiungere
932 1666 1068 1726 matrem

210 1746 275 1810 iam
297 1745 414 1831 gelidis
435 1769 562 1830 nequeo
585 1749 704 1834 bustis,
726 1753 760 1813 te
784 1750 882 1814 sentit
904 1750 1081 1834 habetque,

208 1839 241 1897 te
264 1834 352 1898 videt
375 1838 407 1898 et
430 1835 571 1900 tumulos
594 1840 732 1921 ortuque
756 1838 912 1922 obituque
936 1840 1068 1922 salutat,

209 1926 246 1987 ut
269 1922 405 1987 Pharios
427 1923 508 1987 aliae
530 1925 606 1987 ficta
629 1926 751 2007 pietate
775 1925 901 2003 dolores

208 2011 465 2097 Mygdoniosque
488 2012 598 2077 colunt
620 2017 653 2077 et
675 2036 742 2078 non
764 2036 821 2078 sua
843 2015 957 2079 funera
979 2016 1116 2099 plorant.
1168 2034 1220 2081 245

211 2100 289 2184 quid
311 2101 447 2164 referam
470 2101 637 2185 expositos
659 2106 785 2166 servato
809 2103 950 2187 pondere
972 2104 1098 2169 mores?

210 2210 291 2273 quae
309 2188 424 2274 pietas,
443 2211 539 2273 quam
557 2190 620 2253 vile
639 2190 772 2276 lucrum,
792 2213 873 2275 quae
892 2214 967 2256 cura
985 2192 1126 2278 pudoris,

209 2280 349 2361 quantus
367 2300 457 2342 amor
474 2278 575 2343 recti?
611 2301 795 2364 rursusque,
813 2280 871 2344 ubi
890 2280 981 2345 dulce
1000 2282 1130 2365 remitti,

209 2366 315 2452 gratia
338 2388 419 2450 quae
442 2366 558 2431 dictis?
595 2368 702 2433 animo
727 2390 823 2453 quam
846 2368 935 2433 nulla
958 2370 1126 2435 senectus?
1190 2370 1192 2373 ’

208 2455 260 2519 his
281 2455 345 2518 tibi
367 2477 428 2538 pro
450 2456 575 2520 meritis
597 2457 716 2521 famam
738 2458 911 2542 laudesque
936 2458 1093 2545 benignas
1167 2477 1219 2524 250

208 2542 304 2607 iudex
327 2565 403 2607 cura
426 2543 520 2609 deum
542 2545 697 2630 nulloque
722 2569 739 2611 e
762 2546 893 2611 vulnere
916 2547 1042 2613 tristem

209 2631 374 2695 concessit.
419 2633 555 2716 raperis,
578 2634 720 2719 genitor,
743 2657 809 2700 non
831 2635 960 2722 indigus
983 2637 1067 2720 aevi,

209 2740 275 2783 non
296 2718 427 2803 nimius,
450 2720 607 2805 trinisque
630 2722 738 2787 decem
762 2724 979 2807 quinquennia
1002 2724 1113 2789 lustris

209 2807 319 2872 iuncta
340 2807 455 2871 ferens.
500 2808 557 2872 sed
579 2832 630 2873 me
653 2810 759 2893 pietas
780 2833 948 2875 numerare
972 2812 1125 2895 dolorque

209 2918 276 2960 non
297 2895 388 2980 sinit,
412 2918 430 2959 0
452 2896 564 2980 Pylias
586 2898 655 2962 aevi
678 2899 902 2963 transcendere
925 2903 1027 2964 metas
1167 2918 1218 2966 255

211 2988 244 3049 et
266 2984 405 3048 Teucros
428 3007 564 3070 aequare
587 3008 695 3069 senes,
718 3008 738 3050 o
762 2986 987 3071 digne-videre

210 3095 261 3137 me
284 3071 435 3136 similem!
472 3073 529 3138 sed
550 3095 609 3138 nec
631 3074 689 3138 leti
712 3074 775 3138 tibi
798 3075 893 3139 ianua
915 3075 1035 3141 tristis:

210 3160 332 3245 quippe
355 3161 442 3226 leves
460 3184 586 3245 causae,
605 3185 664 3227 nec
687 3164 796 3249 segnis
819 3163 892 3228 labe
916 3165 1009 3230 senili

281 3360 332 3408 232
351 3370 437 3421 quam
454 3355 608 3411 Baehrens:
631 3373 688 3425 qua
761 3357 841 3411 dulce
860 3358 880 3426 (l
898 3376 932 3413 ex
950 3376 962 3412 s
981 3358 1030 3428 1¹)
1102 3365 1154 3412 233
1173 3360 1218 3413 In-

209 3425 288 3481 vida:
316 3423 395 3479 invia
413 3426 534 3481 Ellssius
623 3433 674 3481 235
693 3430 726 3481 tu
744 3428 796 3482 1¹:
815 3430 866 3483 tua
955 3434 1005 3484 241
1026 3429 1171 3499 seiungere
1190 3448 1218 3486 c:

210 3495 235 3549 si
252 3495 367 3565 iungere
430 3502 481 3549 242
499 3499 529 3552 te
548 3515 574 3553 o:
594 3500 623 3552 et
689 3504 740 3551 251
759 3499 859 3555 Iudex:
877 3499 981 3555 vindex
998 3502 1038 3556 ed.
1056 3502 1165 3556 Aldina

210 3565 332 3620 tristem
355 3566 450 3622 tristes
468 3570 667 3625 Marklaodus:
691 3572 724 3625 de
742 3572 844 3625 lacuna
857 3579 922 3640 post
938 3573 1011 3627 bunc
1028 3589 1051 3627 o.
1070 3574 1219 3627 deluenda

209 3641 339 3707 copiam
352 3639 497 3695 Krobm‘us
550 3646 601 3695 253
619 3640 756 3710 trinisque
771 3659 800 3700 s:
819 3641 958 3711 crinisqne
1012 3647 1063 3698 258
1078 3641 1173 3713 segnis
1187 3659 1217 3703 ςε

210 3723 309 3778 segnes
379 3709 457 3766 labe:
475 3711 542 3767 tabe
562 3711 716 3769 &cnonas
