2925 4192
535 370 721 425 SILVARUM
740 372 769 424 L.
785 371 818 438 V,
835 377 858 425 1.
1139 372 1201 435 127

196 515 411 600 Coryciaeque
434 537 542 580 comae
567 514 766 600 Cinyreaque
789 514 947 602 germina3
970 520 1002 579 et
1026 515 1100 580 altis

194 606 270 688 ipsa·
288 604 369 670 toris
392 604 506 669 Serum
528 604 689 689 Tyrioque
712 605 863 670 umbrata
885 603 1044 669 recumbit
1152 622 1203 669 aro

131 712 136 718 ·
192 693 344 779 tegmine.
390 693 446 757 sed
468 696 538 758 toto
562 696 726 776 spectatur
748 692 783 757 in
806 693 933 780 agmine
957 692 1096 759 coniunx

194 782 297 867 solus3
320 782 354 845 in
377 782 462 846 hunc
485 803 620 868 magnae
642 783 818 847 flectuntur
838 781 961 846 lumina
982 781 1104 846 Romae

77 891 78 922 1
137 874 140 877 ’
192 892 251 935 ceu
273 871 404 935 iuvenes
426 875 520 936 natos
543 892 691 955 suprema
713 870 754 935 ed
777 871 873 935 busta
895 872 1064 935 ferentem:

76 969 80 1038 ᾗ
193 959 222 1023 is
244 959 335 1023 dolor
357 958 392 1023 in
413 959 519 1042 1111111,
542 963 670 1023 tantum
693 959 864 1043 crinesque
883 981 1047 1045 genaeque

191 1047 296 1112 noctis
318 1047 448 1112 habent.
493 1048 582 1111 illam
604 1048 780 1132 tranquillo
803 1050 866 1112 fine
890 1047 1029 1113 solutam
1150 1066 1203 1113 220

191 1136 382 1221 felicemque
404 1141 533 1221 vocant,
556 1137 704 1201 lacrimas
726 1137 837 1201 fudere
860 1136 985 1202 marite.

258 1228 307 1289 est
324 1226 422 1304 locus,
441 1229 515 1289 ante
534 1226 727 1310 urbemque
745 1226 886 1309 primurn
904 1223 1047 1290 nascitur
1065 1224 1179 1311 ingens

191 1311 301 1396 Appia
323 1336 450 1398 queque
472 1312 555 1378 Italo
578 1313 719 1401 gemitus
741 1314 878 1379 Almone
902 1312 1034 1398 Cybebe

190 1402 286 1485 ponit
308 1407 340 1467 et
362 1401 474 1467 Idaeos
497 1402 561 1467 iam
583 1425 648 1467 non
671 1403 888 1467 reminiscitur
911 1402 1023 1467 amnis.

190 1490 244 1554 hic
266 1495 299 1555 te
322 1489 453 1556 Sidonio
476 1493 616 1557 velatam
638 1492 780 1557 molliter
802 1496 890 1557 ostro
1148 1508 1200 1555 aaa

77 1593 78 1648 ξ
191 1579 327 1643 eximius
349 1580 489 1645 coniunx
507 1618 549 1627 -
568 1602 628 1645 nee
651 1580 738 1645 enim
760 1580 917 1645 fumantia
940 1580 1039 1645 busta

77 1675 78 1680 ’
191 1668 425 1751 clamoremque
448 1668 520 1754 rogi
543 1669 652 1752 potuit
675 1670 818 1753 perferre
836 1707 880 1716 -
898 1669 995 1733 beato

191 1756 385 1840 composuit,
407 1756 567 1841 Priscilla,
590 1762 671 1822 toro.
715 1758 763 1821 nil
785 1757 914 1844 longior
935 1762 1038 1822 aetas·

194 1866 337 1927 carpere,
359 1844 407 1907 nil
429 1844 500 1908 aevi
523 1849 678 1929 poterunt
699 1846 814 1911 vitiare
837 1846 965 1909 labores
1082 1846 1088 1865 ⁴

177 1932 341 2001 vsiccatam
364 1933 531 1998 membris:
566 1937 675 1997 tantas
697 1934 880 1999 venerabile
903 1955 1044 1999 marmor
1147 1952 1199 1998 230
1277 2014 1281 2021 ¹

191 2021 294 2104 spirat
317 2043 403 2105 opes.
449 2043 525 2085 mox
548 2022 583 2085 in
604 2022 709 2087 varias
732 2026 856 2086 mutata
877 2021 1006 2086 novaris

77 2153 79 2192 ς
191 2109 329 2195 effigies:
364 2110 427 2175 hoc
449 2132 521 2175 aere
545 2109 653 2197 Ceres,
675 2112 737 2175 hoc
759 2111 866 2176 lucida
889 2108 1018 2193 Gnosis,

190 2198 246 2263 illo
269 2198 355 2262 Maia
378 2198 482 2280 tholo,
504 2198 615 2264 Venus
637 2200 699 2265 hcc
721 2222 788 2264 non
810 2199 960 2282 improba
983 2221 1069 2263 saxo.

190 2287 352 2370 accipiunt
374 2287 484 2351 vultus
506 2287 593 2352 haud
615 2287 783 2374 indignata
806 2288 937 2352 decoros

77 2373 78 2448 l
188 2375 333 2440 numina:
357 2376 566 2440 circumstant
588 2377 701 2442 famuli
725 2381 940 2460 consuetaque
964 2375 1061 2440 turba
1147 2392 1199 2441 235

76 2457 81 2544 1
190 2464 362 2548 obsequiis,
384 2469 462 2529 tunc
484 2465 546 2529 rite
569 2465 632 2530 tori
655 2488 848 2550 mensaeque
871 2469 1026 2549 parantur

190 2552 342 2617 assiduae
374 2552 488 2617 domus
506 2553 548 2617 ist
534 2558 581 2637 ta,
600 2554 726 2619 domus!
746 2554 851 2638 quist
837 2554 930 2619 triste
950 2553 1133 2637 sepulcrum

190 2640 330 2704 dixerit?
365 2640 425 2705 1111
447 2642 561 2706 merito
586 2642 655 2706 1111
678 2643 800 2726 pietate
823 2642 931 2707 mariti

77 2781 78 2806 ᾖ
191 2728 339 2811 protinus
362 2728 532 2793 exclames·
569 2730 631 2794 est
653 2731 706 2795 hie
710 2753 896 2831 ‚agnosco‚
918 2730 1064 2793 minister

76 2809 80 2836 ²
190 2816 292 2901 illius,
314 2820 462 2880 aeternae
484 2817 580 2882 modo
605 2818 661 2901 qui
684 2818 823 2882 sacraria
845 2818 937 2904 genti
1147 2835 1200 2882 240

191 2867 365 2968 condidit
355 2926 453 2988 inque
476 2905 539 2969 alio
563 2906 674 2989 posuit
696 2928 754 2970 sua
777 2906 881 2971 sidera
903 2906 1011 2970 eaelo’

77 3009 79 3042 1
191 2994 250 3077 sic,
272 2993 329 3057 ubi
352 3016 470 3079 magna
491 3016 611 3058 norum
633 2994 751 3079 Phario
775 2995 813 3060 de
836 2994 875 3058 lit
861 2999 931 3059 tore
954 2994 1077 3077 puppis

77 3091 79 3110 '
190 3082 287 3147 solvit
310 3082 372 3146 iter
394 3082 522 3165 iamque
545 3082 730 3149 innumeros
752 3083 917 3166 utrimque
935 3084 1087 3148 rudentes

77 3243 79 3278 r
188 3170 317 3254 lataque
340 3170 464 3235 veliferi
487 3171 632 3255 porrexit
655 3172 788 3236 brachia
810 3172 887 3236 mali

208 3467 212 3491 2
260 3440 311 3488 214
331 3433 563 3517 Coryciaequee
582 3434 767 3503 corseiaeque
822 3440 872 3489 215
892 3434 1032 3495 serame
1052 3434 1154 3489 serium

191 3509 242 3558 230
256 3505 390 3560 siccatam
405 3523 433 3563 3:
454 3504 500 3559 Sic
514 3511 608 3560 catum
661 3522 783 3561 marmor
796 3508 889 3576 (price
902 3524 916 3559 r
930 3524 1015 3577 supra
1028 3525 1052 3562 1
1067 3507 1131 3561 cdd
1146 3506 1197 3575 ΠΙ)

261 3581 312 3629 232
331 3575 486 3647 effigiess:
505 3577 629 3646 Effugies
701 3576 1148 3646 2331111·1111Κ1111111(111
1165 3584 1197 3632 11

77 3685 79 3702 t
189 3646 344 3712 infinitivus
362 3650 481 3717 pendeat
498 3666 540 3703 ea·
556 3651 634 3705 aerbo
652 3648 900 3719 novarisc231):
927 3648 993 3717 polo
1012 3648 1126 3716 Polater,
1145 3649 1197 3703 atii

76 3789 78 3802 Ι
189 3717 248 3770 alia
319 3722 370 3771 238
387 3718 488 3777 haer.
507 3720 578 3773 haec
