2925 4192
606 342 812 406 Panemo
1125 344 1215 402 XXXI

202 494 253 554 hio
275 493 353 554 alter
374 489 471 571 liber',
493 487 573 555 inii
595 514 689 554 unum
710 515 832 558 versum
849 495 1007 580 efficiunt.⁴
1030 497 1111 573 quod
1129 517 1217 576 ergu-

201 586 339 643 mentnm
360 603 415 660 per
436 602 466 644 se
489 585 699 663 gravissimum
721 585 770 644 hio
791 585 889 649 minus
911 585 1011 645 volero
1034 604 1068 646 eo
1088 586 1217 648 efficitur

76 714 78 720 r
202 673 284 748 quod
311 691 451 733 versuum
478 673 629 733 distinctio
658 673 755 749 qualis
783 674 815 733 in
836 668 867 735 ii
888 675 945 737 hoo
967 675 1032 734 loeo
1055 678 1154 736 exstet
1176 676 1216 737 od

201 762 291 822 huius
323 761 393 821 libri
423 762 537 821 foniem
563 763 659 821 redire
686 763 815 822 videtur.
856 763 936 839 quod
967 759 1109 826 codexR
1134 765 1216 825 hond

201 869 271 910 roro
294 850 436 910 lectiones
458 851 582 928 praebet
603 851 698 910 multo
722 851 918 930 elegantiores
942 871 1032 932 quem
1044 847 1128 935 dizo
1152 874 1216 915 oor·
1336 898 1339 903 <

201 942 347 1000 rectorem
378 943 503 1000 nenotms
535 958 597 1000 esse
629 941 750 1000 videtur
780 941 855 1000 satis
883 940 1018 1007 doctrino
1043 943 1215 1022 pollentem,

202 1027 287 1089 ouius
314 1028 405 1088 etiem
427 1028 460 1088 in
488 1029 660 1107 apographo
686 1021 744 1111 (R)
776 1028 941 1088 certissime
972 1031 1100 1109 vestigio
1131 1033 1215 1093 inds-

202 1135 317 1196 gsmur.
365 1137 460 1195 neque
493 1119 572 1177 enim
603 1117 785 1178 cotidianam
816 1119 983 1179 doctrinam
1013 1121 1095 1199 sepio
1116 1154 1159 1164 --
1178 1125 1215 1182 nt

202 1207 370 1283 exemplum
386 1225 553 1284 proponam
570 1206 848 1282 luculentissimum,
867 1239 909 1249 -
925 1208 1004 1283 quod
1025 1209 1059 1267 in
1075 1204 1104 1274 R
1125 1209 1170 1268 IV
1184 1214 1215 1288 4,

204 1299 244 1356 79
269 1296 381 1374 legitur
408 1289 549 1356 ‘rosolus’
577 1314 632 1372 pro
660 1299 799 1372 compre
829 1295 939 1357 oodiois
962 1290 993 1357 il
1015 1297 1142 1361 lectione
1165 1294 1214 1361 ‘ve

202 1378 292 1444 snus’.
338 1401 374 1444 ex
404 1385 515 1444 Vesnlo
547 1385 628 1444 enim
651 1387 752 1444 monto
787 1385 888 1445 Padus
922 1385 1032 1445 flumen
1068 1388 1214 1466 originem

202 1474 299 1550 duoit,
333 1475 370 1534 of.
401 1473 479 1534 Plin.
501 1475 572 1536 hiet.
593 1477 656 1534 not.
682 1474 729 1532 ΠΙ
754 1476 826 1534 117.
861 1474 966 1551 Pomp.
988 1475 1057 1535 Mel.
1075 1476 1108 1534 Π
1130 1480 1166 1556 4,
1183 1481 1213 1538 4.

201 1562 290 1641 Verg.
312 1562 388 1622 Aen.
409 1562 437 1622 X
457 1565 530 1624 708.

269 1671 328 1728 qua
355 1671 386 1710 re
414 1651 573 1730 diligenter
604 1651 804 1727 considerate,
835 1672 872 1711 ne
900 1652 1120 1714 emendationes
1148 1657 1213 1732 qui-

201 1741 270 1799 dem
293 1741 439 1820 egregiae,
462 1735 615 1817 quibusR
636 1741 698 1800 fere
721 1740 863 1818 abundet,
884 1741 943 1817 ipsi
963 1742 1072 1803 oodiois
1089 1743 1212 1805 librario

203 1829 379 1905 tribuendo,
400 1830 454 1890 sed
476 1829 636 1890 oorreoiori
658 1829 834 1906 exemplaris
855 1847 887 1912 ρ.
927 1850 997 1890 nem
1020 1834 1051 1890 et
1073 1852 1140 1892 eum
1161 1835 1213 1910 qui

202 1918 261 1978 hoo
283 1919 415 1995 sempsit,
439 1918 657 1995 ineptissimum
679 1918 829 1978 hominem
851 1918 943 1978 fuisso
964 1921 1156 1981 menifestum
1178 1922 1214 1983 fit

200 2007 380 2084 ubicumque
404 2008 467 2068 eius
485 2026 607 2067 manum
625 2010 705 2067 certo
724 2007 978 2083 deprehendimus.
1016 2008 1107 2085 quid?
1131 2011 1213 2086 quod

199 2095 233 2156 in
255 2091 284 2158 R
306 2097 418 2174 legitur
439 2095 483 2156 IV
503 2098 531 2172 ⁷,
552 2099 570 2156 2
594 2090 717 2156 ‘oresio'
745 2114 799 2173 pro
824 2089 940 2171 ‘erato'‚
967 2116 1064 2156 nonne
1093 2118 1128 2158 ox
1154 2100 1213 2160 tali

200 2202 326 2263 lectione
359 2203 430 2262 libri
461 2220 482 2284 ρ
515 2202 680 2280 explioetur
711 2188 843 2262 ‘dmto’i
874 2203 1013 2263 similiter
1044 2205 1212 2281 explioeiur

200 2291 229 2349 V
245 2293 273 2367 2,
294 2293 349 2352 75:
367 2286 522 2352 ‘eredere'z
540 2293 599 2351 fuir
615 2292 647 2351 in
666 2308 688 2372 ρ
707 2285 841 2370 ‘redere’,
861 2293 940 2368 quod
958 2295 1106 2354 oorreotor
1122 2294 1212 2355 huius

200 2380 272 2440 iibri
290 2375 329 2441 ‘o’
352 2381 455 2441 littere
478 2381 680 2458 suprascripte
702 2384 861 2440 sanaturus
885 2384 957 2440 orei.
994 2382 1037 2443 sio
1053 2381 1101 2442 HI
1119 2385 1148 2461 3,
1168 2386 1209 2446 89

201 2482 252 2547 ‘sd
270 2481 441 2548 beuriferis'
458 2488 577 2548 videtur
594 2489 695 2547 ortum
713 2505 776 2546 esse
795 2507 831 2547 ex
848 2487 976 2549 lectione
994 2506 1030 2571 (²²
1051 2484 1101 2550 ‘od
1113 2467 1211 2551 l’euri-

200 2589 293 2672 feris’,
315 2593 362 2654 ΙΠ
380 2596 415 2672 4,
435 2596 490 2654 84:
514 2588 658 2656 ‘eennoie'
682 2613 719 2652 ex
742 2580 867 2654 ‘ericio'
890 2587 956 2678 (ρ),
979 2594 1007 2653 V
1026 2599 1060 2674 2,
1079 2600 1120 2657 37
1141 2591 1211 2657 ‘Bo-

200 2700 361 2778 lanumqne
384 2695 430 2761 eo'
454 2721 490 2760 ex
512 2679 742 2776 ‘Bolanumiiue’
767 2693 827 2783 (ρ).
875 2703 954 2778 quod
977 2703 1003 2762 si
1024 2723 1127 2763 verum
1150 2708 1210 2764 ste·

199 2790 326 2866 tuimns,
363 2790 475 2867 optime
511 2790 696 2867 explicantur
731 2790 874 2851 lectiones
911 2791 1020 2851 oodiois
1048 2786 1077 2853 R
1113 2793 1210 2853 veluto

245 2896 314 2974 12,
335 2898 413 2956 234:
435 2890 611 2956 ‘terimus’
639 2889 690 2979 (us
712 2915 774 2971 op.
796 2888 867 2979 R¹):
896 2883 1079 2980 ‘onffl'o

295 2991 791 3121 14‚4:ErM:EsrR:Eio
846 3124 857 3161 t

273 3181 337 3257 14,
358 3183 413 3242 92:
434 3181 515 3241 tanti
536 3175 580 3241 M:
602 3180 698 3241 reneri
720 3175 762 3242 R:
785 3181 867 3241 isnoi
888 3198 911 3263 ρ

272 3270 289 3356 i
308 3271 337 3347 5,
358 3274 412 3330 10:
436 3274 539 3348 oyaios
560 3274 591 3329 et
605 3263 851 3401 enumera-eminio&
873 3271 968 3332 oietos
986 3273 1077 3348 etque
1097 3292 1122 3332 ee
1138 3291 1208 3332 enu-

436 3431 550 3472 merare
573 3407 615 3474 R:
639 3416 742 3490 oyaios
765 3416 796 3471 et
818 3432 1000 3537 mmm,
1012 3431 1034 3496 (r

244 3554 276 3613 H
292 3574 337 3632 pr.
357 3555 413 3614 28:
436 3554 472 3614 de
494 3555 549 3614 heo
571 3549 615 3616 M:
637 3556 673 3614 de
697 3555 789 3647 debeo
812 3550 854 3617 R:
878 3556 913 3615 de
935 3508 991 3616 lieo
1012 3573 1043 3638 ρ.

219 3697 267 3756 ΠΙ
286 3699 315 3774 2,
336 3699 414 3757 111:
435 3697 591 3774 therapnei
608 3691 653 3758 iis
674 3696 862 3774 thersmpnoi
878 3692 920 3759 R:
943 3649 1098 3774 themgiirei
1119 3714 1142 3779 ρ
