2925 4192
567 385 752 457 smvnauu
770 403 799 458 a.
814 404 860 473 111,
875 409 899 457 5.
967 444 973 455 .
1198 405 1240 470 89

230 547 293 610 hoc
315 567 438 611 cessare
461 546 580 611 decus?
616 569 675 611 nec
697 551 822 613 tanturn
847 548 950 613 Roma
974 550 1098 635 iugales

233 634 402 700 conciliare
425 639 514 700 toros
536 635 699 719 festasque
722 636 892 701 accendere
915 638 1025 702 taedas
1209 656 1242 703 uo

232 723 362 789 fertilis:
399 728 433 788 et
454 728 567 789 nostra
589 724 699 811 generi
722 724 838 789 tellure
862 726 1032 791 dabuntur.

232 835 299 876 non
322 813 400 877 adeo
422 812 606 878 Vesuvinus
628 835 711 897 apex
735 818 768 877 et
790 814 937 879 flammea
960 814 1021 879 diri

231 901 352 965 montis
374 901 477 966 hiems
500 900 643 985 trepidas
666 902 815 966 exhausit
838 902 966 971 civibus.
984 903 1096 968 urbes:

233 993 321 1054 stant
333 990 528 1075 populisque
546 990 666 1076 vigent.
685 989 761 1056 hinc
775 991 904 1075 auspice
923 992 1052 1057 condita
1070 992 1203 1057 Phoebo

232 1083 319 1144 tecta
341 1078 510 1143 Dicarchei
533 1083 711 1164 portusque
735 1084 767 1143 et
789 1079 885 1145 litora
907 1080 1019 1145 mundi
1207 1098 1241 1146 75

231 1167 375 1252 hospita:
398 1172 432 1232 at
454 1168 530 1232 hinc
547 1190 683 1253 magnae
701 1172 824 1233 tractus
846 1169 1007 1233 imitantia
1025 1168 1146 1233 Romae

233 1278 314 1340 quae
338 1255 444 1341 Capys
466 1256 608 1322 advectis
630 1257 778 1341 implevit
800 1257 927 1322 moenia
948 1257 1087 1323 Teucris,

231 1349 343 1409 nostra
366 1367 494 1430 quoque
513 1349 546 1410 et
568 1345 711 1430 propriis
733 1346 840 1410 tenuis
857 1368 916 1411 nec
935 1369 1006 1410 rara
1024 1346 1147 1411 colonis

233 1433 453 1518 Parthenope,
476 1434 528 1499 cui
546 1434 625 1499 mite
645 1434 750 1499 solum
768 1437 857 1499 trans
876 1457 1015 1520 aequora
1033 1439 1144 1499 vectae

233 1522 304 1606 ipse
326 1522 471 1587 Dionaea
494 1523 686 1587 monstravit
708 1524 829 1607 Apollo
853 1524 1009 1589 columba.
1206 1540 1241 1588 eo

231 1611 291 1675 has
309 1633 370 1697 ego
388 1616 421 1676 te
439 1611 530 1676 sedes
549 1650 593 1658 —
610 1635 685 1676 nam
702 1635 762 1676 nec
780 1612 860 1676 mihi
880 1613 1018 1678 barbara
1035 1612 1157 1676 Thrace

232 1721 291 1764 nec
312 1699 416 1783 Libye
438 1700 545 1764 natale
569 1700 674 1766 solum
698 1739 740 1747 -
764 1703 936 1766 transferre
959 1700 1088 1786 laboro,

234 1810 313 1872 quas
336 1792 369 1852 et
391 1789 499 1853 mollis
521 1788 625 1853 hiems
648 1793 680 1853 et
702 1788 821 1875 frigida
843 1794 1003 1873 temperat
1026 1794 1144 1873 aestas,

233 1900 312 1961 quas
334 1876 466 1942 imbelle
489 1877 609 1942 fretum
632 1878 836 1961 torpentibus
859 1877 961 1942 adluit
984 1878 1086 1943 undis.

233 1988 298 2050 pax
321 1988 432 2031 secura
454 1965 535 2030 locis
556 1970 589 2029 et
613 1965 730 2029 desidis
754 1965 821 2029 otia
843 1966 928 2030 vitae
1208 1983 1243 2031 85

233 2059 266 2119 et
287 2076 464 2139 numquam
486 2054 619 2119 turbata
641 2053 733 2138 quies
757 2054 923 2139 somnique
946 2055 1078 2140 peracti.

181 2220 184 2225 ⁸
231 2143 321 2208 nulla
343 2144 414 2209 loro
437 2143 545 2208 rabies
567 2148 623 2207 aut
646 2142 777 2207 strictae
800 2142 835 2207 in
856 2143 962 2230 iurgia
983 2144 1086 2230 leges:

232 2254 358 2298 morum
381 2232 452 2297 iura
473 2232 551 2297 viris
574 2232 679 2297 solum
702 2235 734 2295 et
757 2231 825 2296 sine
848 2232 991 2297 fascibus
1013 2254 1158 2316 aequum.

234 2321 311 2405 quid
332 2343 418 2386 nunc
441 2321 628 2407 magnificas
651 2320 774 2406 species
797 2321 965 2405 cultusque
988 2321 1132 2386 locorum

233 2410 418 2494 templaque
427 2411 503 2494 <et>
511 2410 688 2475 innumeris
697 2409 804 2494 spatia
813 2410 1017 2475 interstincta
1031 2410 1197 2493 columnis,
1209 2427 1244 2474 90

234 2502 267 2561 et
313 2499 451 2563 eminam
474 2499 592 2563 molem
613 2498 692 2563 nudi
715 2498 859 2584 tectique
883 2500 1002 2564 theatri

234 2589 267 2648 et
290 2520 484 2670 dapitohnis
507 2587 726 2672 quinquennia
748 2588 897 2671 proxima
919 2588 1043 2673 lustris,

235 2673 312 2757 quid
334 2673 462 2739 laudem
484 2674 563 2740 litus
584 2676 834 2759 libertatemque
856 2675 1039 2759 Menandri,

236 2784 332 2845 quam
350 2762 514 2827 Romanus
531 2763 634 2830 honos
653 2767 687 2827 et
705 2761 802 2827 Graia
819 2763 949 2827 licentia
967 2763 1123 2827 miscent?

237 2871 297 2915 nec
319 2850 436 2915 desunt
457 2849 564 2915 variae
587 2851 671 2915 circa
693 2850 908 2915 oblectamina
930 2851 1030 2916 vitae:
1194 2870 1243 2933 ¹95

237 2939 304 3003 sire
327 2938 538 3024 vaporiferas,
560 2938 771 3003 blandissima
792 2939 903 3025 litora,
926 2939 1033 3023 Baiae,

236 3028 353 3093 enthea
375 3026 525 3091 fatidicae
548 3050 603 3092 seu
627 3027 730 3091 visere
753 3032 839 3093 tecta
862 3026 1004 3112 Sibyllae

306 3262 339 3311 70
357 3258 434 3310 toros
452 3273 481 3314 ςε
501 3257 563 3310 toro
637 3261 669 3308 72
688 3255 907 3311 vesurinns1¹z
927 3255 1057 3309 veruinus
1127 3262 1160 3311 74
1177 3256 1244 3310 hinc

235 3330 385 3385 Heinaiua:
404 3325 451 3380 hic
523 3332 556 3380 75
575 3326 686 3380 mundi:
704 3326 809 3380 mundo
824 3327 1010 3383 Marklandue
1081 3333 1114 3380 '1⁷
1133 3328 1243 3397 Neapo-

235 3400 340 3454 litanus
359 3397 414 3452 fuit
432 3397 540 3452 Statius
557 3416 584 3451 m
601 3401 634 3452 in
650 3415 702 3469 my.
777 3403 810 3451 78
828 3398 932 3452 Nostra
951 3415 1061 3467 quoqne
1080 3402 1121 3453 et:
1147 3402 1244 3452 nostra

235 3487 346 3540 quoque
364 3468 440 3523 haud
459 3470 657 3525 Marttucdce:
675 3470 827 3537 nostraque
845 3486 897 3523 nec
917 3469 979 3525 Otto
1040 3474 1073 3523 80
1092 3468 1242 3524 Dionea-

235 3542 365 3596 columba
393 3541 565 3597 Potitium:
598 3539 716 3595 dioneae
737 3539 935 3595 -columbae
1042 3545 1075 3594 82
1101 3539 1172 3595 libre

236 3618 270 3666 86
308 3610 407 3668 eructi:
430 3611 524 3682 parati
543 3617 561 3667 ς
669 3616 703 3665 90
721 3610 883 3682 templaque
901 3613 931 3666 et
949 3628 977 3671 5:
1001 3609 1172 3680 Templaque

236 3689 271 3736 93
287 3631 370 3737 litus:
397 3682 475 3737 lusus
493 3684 648 3739 Baehrens:
675 3682 741 3738 lites
759 3683 999 3739 Lecrdmoemiue:
1026 3681 1099 3735 risus
1121 3683 1245 3737 Linden-

234 3756 344 3825 hocius
415 3760 449 3808 94
468 3752 555 3809 Graia
574 3771 602 3814 s:
622 3756 704 3825 grata
