2925 4192
543 336 728 391 amrinum
747 335 776 389 1.
791 334 825 405 11,
844 342 870 389 r.
889 340 912 387 a.
1184 332 1232 405 51,

284 488 318 546 81
340 482 404 547 tibi
429 485 551 565 quanta
574 481 688 545 domus
710 479 809 544 rutila
831 477 993 545 testudine
1016 477 1152 564 fulgere,

217 593 423 655 conexusque
447 570 539 635 ebori
562 569 726 655 virgarum
749 572 920 654 argenteus
944 567 1029 652 ordo,

216 664 434 748 argutumque
457 662 514 723 tuo
537 658 707 723 stridentia
728 656 843 723 limina
865 678 973 739 cornu,

218 754 261 834 et,
285 749 439 834 querulae
461 747 526 813 iam
549 750 675 832 sponte,
696 747 796 811 fores!
829 749 922 810 vacet
940 745 996 809 1118
1014 745 1130 810 beatus

216 861 325 904 carcer
348 842 381 902 et
404 836 535 923 augurati
557 858 719 920 nusquam
742 834 885 900 convicia
908 834 999 898 tecti!
1193 852 1232 901 le

283 927 347 991 huc
370 927 482 991 doctae
505 925 668 1010 stipentur
690 946 774 1007 aves,
799 924 872 1007 quis
894 922 1005 988 nobile
1028 922 1116 987 fandi

218 1017 268 1081 ius
292 1015 419 1082 Natura
442 1014 542 1078 dedit:
565 1014 701 1100 plangat
724 1012 907 1078 Phoebeius
931 1012 997 1077 ales

217 1105 408 1189 auditasque
432 1124 555 1169 memor
579 1102 711 1187 penitus
735 1101 897 1166 dimittere
920 1122 1015 1165 voces

215 1199 347 1258 sturnus
370 1197 403 1257 et
425 1191 532 1259 Aonio
555 1213 666 1256 versae
689 1190 863 1256 certamine
887 1189 987 1275 picae,

219 1282 341 1367 quique
363 1282 462 1346 refert
485 1280 624 1367 iungens
646 1280 763 1345 iterata
785 1278 943 1344 voeabula
965 1277 1089 1363 perdix,
1139 1287 1143 1294 ’
1194 1296 1227 1343 ro

216 1377 249 1436 et
273 1392 355 1456 quae
377 1369 527 1435 Bistonio
552 1369 700 1453 queritur
721 1390 814 1435 soror
838 1369 918 1434 orba
934 1366 1053 1433 cubili:

216 1461 298 1525 ferte
322 1459 419 1524 simul
441 1458 583 1545 gemitus
606 1462 809 1545 cognataque
833 1457 940 1521 ducite
963 1456 1100 1520 flammis

215 1550 329 1613 funera
347 1552 380 1613 et
397 1548 460 1613 hoc
477 1551 611 1612 cunctae
629 1547 847 1612 miserandum
866 1545 1020 1610 addiscite
1039 1568 1179 1611 carmen:
1229 1584 1231 1613 ;

282 1636 411 1702 ‘oceidit
433 1636 538 1701 aeriae
561 1636 770 1702 celeberrima
793 1635 897 1721 gloria
920 1634 1028 1721 gentis

215 1727 382 1811 psittacus,
400 1725 456 1789 1118
478 1725 594 1811 plagae
617 1725 729 1789 viridis
753 1729 905 1811 regnator
927 1724 1028 1806 ane3
1191 1742 1224 1789 uo

217 1838 313 1900 quem
335 1836 402 1879 non
424 1817 587 1899 gemmata
610 1813 749 1878 volueris
772 1812 908 1877 limonia
932 1812 1033 1876 cauda

213 1904 356 1969 vinceret
379 1905 519 1986 aspectu,
543 1901 642 1987 gelidi
664 1923 731 1966 non
754 1900 903 1965 Phasidis
926 1900 1006 1986 ales,

213 2015 273 2059 nec
297 2014 378 2076 quas
400 1991 524 2055 umenti
546 1990 706 2056 Numidae
729 2011 865 2073 rapuere
889 1989 950 2054 sub
973 1992 1091 2053 austro.

214 2081 269 2145 ille
292 2082 450 2146 salutator
472 2101 586 2166 regum
607 2100 792 2162 nomenque
815 2077 943 2143 loeutus

215 2169 404 2235 Caesareum
423 2173 456 2233 et
475 2167 603 2253 queruli
623 2168 787 2252 quondam
805 2166 873 2231 vioe
892 2166 1022 2231 functus
1041 2167 1145 2251 amici,
1191 2186 1224 2233 30

212 2282 299 2324 nunc
321 2258 455 2324 conviva
477 2258 558 2322 levis
580 2261 826 2341 monstrataque
849 2255 981 2321 reddere
1003 2256 1102 2321 verba

213 2353 281 2413 tam
303 2348 420 2413 facilis!
445 2369 510 2432 quo
533 2350 579 2427 tu,
597 2346 713 2411 Melior
737 2346 861 2431 dilecte,
883 2345 1007 2410 recluso

212 2459 391 2522 numquam
409 2438 498 2502 solus
521 2459 599 2501 eras.
641 2440 675 2500 81
696 2457 764 2500 non
786 2433 946 2521 inglorius
968 2434 1093 2499 umbris

213 2526 367 2591 mittitur:
390 2525 525 2610 Assyrio
548 2526 670 2591 cineres
694 2525 863 2590 adolentur
883 2544 1018 2592 amomo,

213 2620 246 2679 81
269 2619 382 2681 tenues
404 2613 551 2679 Arabum
573 2614 736 2698 respirant
759 2612 903 2698 gramine
926 2612 1055 2696 plumae
1189 2629 1222 2677 35

213 2703 414 2786 Sicaniisque
437 2702 551 2785 crocis3
574 2703 664 2767 senio
686 2723 746 2766 nec
769 2702 873 2767 lessus
896 2700 992 2765 inerti

213 2790 345 2856 scandet
367 2790 517 2855 odoratos
541 2789 686 2854 Phoenix
709 2789 834 2854 felicior
857 2789 969 2874 ignes?

701 2982 741 3047 V.

540 3122 627 3179 nno
647 3120 874 3177 1888888888.
962 3078 963 3081 1

284 3249 367 3327 Quid
391 3249 453 3314 tibi
473 3254 650 3315 monstrata
668 3271 890 3315 mansuescere
913 3250 1037 3334 profuit
1059 3252 1129 3316 ira?

215 3340 294 3425 quid
316 3339 420 3407 scelus
443 3340 663 3423 humanasque
686 3338 793 3405 animo
818 3338 977 3405 dediscere
1001 3342 1112 3406 caedes

287 3485 320 3533 15
339 3478 464 3550 augusti:
485 3478 634 3548 angustis
697 3485 731 3531 23
751 3482 866 3533 cunetae
928 3485 961 3532 28
980 3480 1087 3534 umenti
1105 3482 1223 3551 (tscper

213 3570 232 3604 u
251 3550 385 3621 ade.1¹)
467 3556 500 3603 32
519 3549 640 3604 dilectae
721 3555 756 3603 33
775 3552 805 3604 81
822 3569 860 3606 m:
880 3567 912 3604 88
989 3556 1023 3604 36
1041 3551 1170 3621 gramina
1188 3584 1221 3593 -

215 3621 397 3691 Sicaniosque
416 3638 510 3676 crocos
529 3621 717 3676 Marklaudus
789 3627 822 3674 37
842 3621 976 3677 Scandet:
995 3622 1142 3683 scandite

282 3692 315 3747 V.
337 3700 350 3746 1
370 3695 539 3748 monstrata:
559 3694 738 3751 constratas

1026 3784 1061 3836 4*
