2925 4192
250 346 291 409 18
408 362 410 367 ·
599 348 630 402 P.
648 345 772 400 PAPINI
790 346 908 401 STATII

248 490 435 574 Pieriosque
459 491 527 555 dies
550 496 583 556 et
605 492 763 555 habentes
787 491 926 555 earmina
949 512 1086 556 somnos,
1202 529 1204 533 ·

249 580 328 644 litus
350 582 521 663 utrumque
546 580 641 664 domi,
662 602 721 645 nec
744 583 777 644 te
799 578 989 644 mitissimus
1013 580 1116 644 amnis

250 667 371 732 dividit.
410 668 549 733 alternas
572 673 701 733 servant
722 668 885 752 praetoria
907 668 1008 753 ripas,
1222 686 1254 733 ao

197 812 203 818 .
249 779 316 821 non
339 760 471 820 externa
494 757 558 822 sibi
580 756 752 821 fluviorum
774 761 903 841 opstare
927 760 1113 841 queruntur.

249 844 408 911 Sestiacos
429 867 515 910 nunc
536 845 636 910 Fama
658 846 747 910 sinus
769 846 968 931 pelagusque
990 849 1138 910 natatum

249 935 347 998 iactet
370 938 402 998 et
425 934 537 998 audaci
559 934 661 998 victos
684 934 853 1018 delphinas
877 934 1017 1018 ephebo!

248 1022 302 1086 hic
324 1026 454 1087 aeterna
477 1022 581 1106 quies,
603 1022 702 1087 nullis
724 1022 778 1087 hic
800 1022 870 1087 iura
893 1022 1053 1107 procellis,

248 1133 425 1195 numquam
439 1112 546 1175 fervor
559 1111 659 1196 aquis.
683 1111 778 1176 datur
791 1111 844 1175 hic
858 1111 1076 1175 transmittere
1090 1111 1178 1176 visus
1223 1129 1257 1175 30

249 1204 282 1264 et
305 1221 399 1265 voces
422 1203 455 1264 et
477 1222 579 1283 paene
602 1222 723 1264 manus.
762 1199 807 1265 sic
831 1198 980 1265 Chalcida
1002 1201 1119 1264 fluctus

250 1289 417 1373 expellunt
439 1290 544 1373 reflui,
568 1289 615 1353 sic
637 1288 808 1353 dissociata
830 1288 991 1372 profundo

250 1378 379 1441 Bruttia
401 1376 563 1442 Sicanium
586 1377 803 1461 circumspicit
827 1400 882 1441 ora
904 1376 1063 1441 Pelorum.

317 1466 394 1550 quid
407 1465 549 1549 primum
563 1466 743 1533 mediumve
757 1487 877 1550 canam,
895 1488 958 1549 quo
973 1466 1036 1529 fine
1051 1466 1233 1549 quiescam?

250 1559 417 1619 auratasne
439 1554 549 1618 trabes
572 1576 614 1618 an
635 1554 765 1618 Mauros
788 1554 929 1639 undique
952 1559 1062 1639 postes
1222 1571 1256 1618 35
1373 1560 1385 1639 '3

250 1666 292 1707 an
314 1643 475 1727 picturata
496 1642 638 1707 lucentia
659 1664 818 1707 marmora
841 1665 922 1707 vena

250 1732 361 1818 mirer,
383 1755 425 1796 an
447 1731 579 1796 emissas
602 1754 662 1815 per
684 1736 798 1796 cuncta
821 1732 941 1797 cubilia
962 1731 1144 1815 nymphas?

253 1820 316 1885 huc
340 1820 455 1905 oculis,
477 1821 541 1885 huc
562 1825 670 1885 mente
692 1820 811 1885 trahor.
843 1820 1026 1885 venerabile
1049 1819 1152 1884 dicam

250 1910 398 1974 lucorum
421 1908 566 1974 scnium?
603 1913 650 1994 te,
673 1931 754 1993 quae
776 1909 856 1973 vada
878 1908 1018 1973 fluminis
1041 1908 1126 1972 infra

253 1998 371 2084 cernis,
394 2020 435 2062 an
458 1998 498 2062 ad
521 1998 617 2062 silvas
640 2020 721 2082 quae
744 1998 890 2081 respicis,
913 1998 998 2081 aula,
1020 1997 1166 2083 tacentis,
1223 2015 1258 2061 40

250 2110 313 2171 qua
335 2087 398 2151 tibi
422 2090 491 2151 tota
514 2087 605 2170 quies
628 2087 812 2170 offensaque
835 2086 965 2149 turbine
988 2086 1076 2150 nullo

224 2196 227 2202 ·
248 2198 314 2239 nox
333 2175 407 2239 silet
425 2178 457 2238 et
475 2174 587 2260 pigros
605 2175 766 2239 imitantia
784 2195 947 2238 murmura
966 2174 1116 2238 somnos?

248 2286 290 2328 an
313 2285 394 2347 quae
417 2262 581 2348 graminea
600 2267 754 2346 *suscepta
777 2262 939 2345 crepidine
961 2261 1087 2326 fumant

250 2352 366 2417 balnea
389 2355 422 2415 et
444 2350 632 2434 impositum
654 2350 736 2434 ripis
760 2350 944 2435 algentibus
966 2350 1097 2436 ignem?

251 2462 377 2525 quaque
400 2438 590 2523 vaporiferis
613 2439 742 2503 iunctus
764 2438 949 2503 fornacibus
972 2439 1075 2503 amnis
1151 2433 1153 2437 ’
1223 2458 1257 2505 45

251 2529 334 2593 ridet
357 2528 544 2592 anhelantes
566 2526 672 2591 vicino
695 2527 827 2591 flumine
849 2527 1031 2611 nymphas?

315 2617 380 2681 vidi
404 2621 489 2682 artes
511 2620 718 2699 veterumque
743 2638 855 2680 manus
878 2614 1038 2700 variisque
1061 2617 1191 2680 metalla

322 2850 356 2897 23
374 2845 523 2901 habentes:
544 2846 650 2900 alentes
669 2845 804 2899 Heinsius
912 2850 946 2897 24
965 2843 1052 2899 domi:
1080 2844 1257 2898 domnacum

250 2918 348 2985 lipsio
374 2917 530 2986 Baebreae3
556 2919 631 2972 loeas
656 2917 838 2985 multimodis,
869 2917 915 2971 sed
941 2917 1047 2983 frastra
1072 2921 1187 2970 ceratus

251 2992 284 3040 25
304 2990 428 3042 servant:
448 2988 550 3042 ornant
567 2987 752 3042 Martiaadae
860 2994 893 3041 26
912 2986 1059 3040 fluviorum
1078 2988 1176 3057 optare
1197 2984 1256 3053 (ob-

251 3059 326 3111 stare
345 3060 383 3123 o):
410 3057 495 3112 fluvio
518 3073 548 3111 se
570 3061 636 3127 (aaa
657 3059 686 3112 te
711 3076 805 3127 nempe
825 3059 979 3128 Vopiscum)
998 3059 1095 3127 optare
1114 3056 1257 3111 Kroaaias

317 3133 350 3181 27
370 3127 508 3181 Sestiacos
526 3146 564 3184 m:
593 3128 735 3183 Sesciacos
838 3135 871 3183 31
891 3136 916 3184 et
935 3134 967 3182 32
987 3128 1039 3184 sio:
1059 3127 1109 3182 sed
1126 3128 1183 3183 Leo

251 3203 284 3251 31
304 3197 434 3252 calchida
487 3198 630 3267 expellunt
647 3198 727 3254 reflui
746 3200 847 3271 (refugi
862 3200 992 3255 Graecas:
1019 3199 1086 3253 flavi
1104 3199 1255 3254 Baehrens:

252 3268 333 3322 dubii
350 3269 558 3339 Biscbcsebyae)
576 3271 809 3341 lindenbrogius:
829 3269 973 3340 expellunt
990 3270 1081 3325 fluvii:
1100 3271 1130 3323 et
1146 3268 1258 3339 pellunt

251 3339 348 3393 Aulim
375 3340 522 3394 Votienus:
556 3340 742 3410 expellentem
768 3340 854 3394 Aulin
882 3341 1063 3397 Schwartaa'ua
1159 3344 1256 3407 84111-

251 3409 394 3480 quiescam
497 3416 530 3465 35
549 3411 707 3465 Auratasne
724 3430 763 3467 m:
782 3412 940 3465 Auratasve
1045 3417 1078 3466 41
1098 3414 1173 3467 tota:
1191 3414 1256 3466 tuta

251 3481 422 3537 Potitiaaas:
440 3484 520 3535 muta
538 3482 659 3537 Leaziae
729 3488 837 3537 4111011
857 3499 885 3542 ςι
904 3482 970 3537 Mox
1038 3482 1134 3553 pigros
1152 3483 1256 3555 Peyra-

251 3553 345 3607 redas:
362 3552 458 3621 nigros
511 3552 654 3607 imitantia
673 3554 723 3622 (sic
736 3555 778 3609 ael
790 3552 954 3623 mutantia)=
973 3552 1137 3608 simulantia
1150 3554 1257 3609 Poeta

323 3628 357 3676 44
375 3622 457 3693 ripis:
475 3622 544 3678 rivis
562 3625 703 3679 Baehrens
799 3630 834 3677 45
853 3640 974 3692 quaque:
994 3640 1119 3693 quasque
1139 3626 1256 3680 Polater:

251 3692 354 3762 quique
375 3696 561 3750 Marmaridae
