2925 4192
520 369 705 424 snvnaun
723 369 753 424 a.
768 370 801 439 v,
818 377 840 423 1.

177 514 316 599 qualiter
338 515 404 579 alta
426 536 550 579 comam
572 513 725 579 silvarum
747 514 852 601 gloria
873 515 970 599 pinus

177 625 234 668 seu
258 602 343 668 loris
366 604 441 690 igne
464 603 548 667 malo
572 625 629 667 seu
651 602 716 667 iam
738 603 843 667 radice
867 604 972 668 soluta

177 692 285 756 deficit
309 697 341 756 et
363 691 445 757 nulli
468 691 607 776 spoliata
629 696 843 757 remurmurat
866 714 969 757 aurae.

177 780 256 865 quid
273 781 422 864 probitas
440 786 496 845 aut
515 785 602 846 casta
618 780 712 867 fides,
731 781 809 865 quid
826 781 959 845 numina
977 786 1122 864 prosunt

177 870 264 933 culta
283 869 399 935 deum?
435 869 545 934 furvae
564 869 714 934 miseram
732 870 852 935 circum
870 870 1010 954 undique
1028 869 1086 934 leti
1135 888 1186 934 151

178 958 336 1024 vallavere
359 959 487 1044 plagae,
511 959 687 1023 tenduntur
709 958 789 1023 dura
811 980 957 1024 sororum

177 1046 252 1112 licia
275 1051 309 1111 et
332 1047 436 1112 exacti
460 1052 607 1131 superest
629 1070 705 1132 pars
727 1047 843 1111 ultima
865 1047 920 1111 fili.

177 1135 226 1200 nil
248 1136 361 1201 famuli
384 1141 507 1220 coetus,
529 1136 576 1200 nil
599 1158 650 1200 ars
673 1158 810 1220 operosa
832 1136 1016 1201 medentum

178 1224 332 1289 auxiliata
354 1225 460 1310 malis3
483 1225 616 1289 comites
639 1229 748 1289 tamen
771 1225 989 1309 undiquet
934 1226 1009 1290 ficto

179 1335 272 1396 spem
294 1314 446 1379 simulant
468 1314 575 1397 uultu,
597 1314 729 1378 flentem
752 1319 810 1378 not
796 1318 845 1378 tat
867 1314 924 1378 illa
946 1313 1105 1377 maritum.
1136 1330 1187 1380 160

177 1401 233 1465 1111
255 1403 350 1467 modo
374 1402 516 1467 infernae
538 1402 733 1487 nequiquam
762 1403 895 1468 flumina
916 1402 1034 1467 Lethes

177 1490 1002 1666 11111111111111111111111

179 1666 305 1752 limina3
327 1690 412 1732 nunc
434 1668 544 1754 magni
566 1674 659 1734 vocat
645 1670 846 1735 texorabile
868 1692 987 1734 numen

179 1718 331 1820 Caesaris.
376 1756 440 1820 heu
464 1756 561 1821 durus
584 1757 644 1821 fati
666 1759 772 1821 tenor!
809 1762 898 1822 estne
923 1758 1010 1841 quod
1028 1758 1076 1821 illi
1137 1774 1187 1821 161

77 1845 79 1854 “
177 1865 244 1908 non
265 1844 382 1908 liceat?
420 1848 560 1928 quantae
582 1849 732 1928 poterant
718 1846 946 1910 tmortalibus
968 1846 1060 1910 annis

178 1932 349 1997 accessisse
372 1955 494 2018 morae,
516 1932 544 1997 si
566 1937 603 1996 tu
607 1938 745 2017 ,pater,
768 1956 862 1999 omne
885 1938 1012 1999 teneres

179 2020 372 2085 arbitrium?
408 1985 500 2107 caeci)
524 2026 667 2108 gemeret
653 2023 778 2087 tMors
802 2022 888 2087 clusa
911 2022 1063 2088 barathro

178 2108 310 2211 longius
334 2115 366 2174 et
388 2132 506 2175 vacuae
530 2111 713 2194 posuissent
737 2111 874 2176 stamina
897 2111 1022 2176 Parcae.

178 2199 308 2283 iamque
326 2199 445 2263 cadunt
462 2200 572 2263 vultus
591 2200 754 2285 oculisque
772 2200 965 2265 norissimus
984 2222 1071 2265 error
1137 2218 1188 2265 170

179 2291 401 2372 optunsaeque
424 2309 529 2372 aures,
551 2287 616 2352 nisi
639 2310 711 2352 cum
733 2311 797 2353 vox
821 2288 889 2353 sola
911 2289 1020 2353 mariti

77 2385 78 2442 ζ
178 2376 336 2460 noscitur3
359 2377 451 2440 illurn
474 2399 575 2441 unum
596 2377 702 2441 media
725 2378 763 2441 de
786 2383 889 2443 morte
912 2400 1038 2443 reversa

77 2465 79 2516 ῗ
179 2486 270 2529 mens
292 2465 394 2549 ridet,
417 2466 510 2529 illum
532 2466 638 2552 aegris
661 2466 837 2532 circumdat
860 2467 988 2532 fortiter
1010 2466 1095 2532 ulnis

179 2553 329 2617 immotas
353 2554 488 2618 obversa
511 2577 622 2640 genas,
645 2577 703 2620 nec
726 2556 793 2619 sole
817 2578 966 2640 supremo

180 2640 315 2725 lumina,
339 2641 394 2705 sed
418 2642 502 2705 dulci
525 2644 647 2707 mavult
670 2644 788 2708 satiare
811 2645 935 2709 marito.
1137 2662 1188 2709 175

180 2733 250 2792 tum
274 2728 319 2792 sic
342 2729 529 2793 unanimum
551 2731 691 2795 moriens
714 2733 836 2796 solatur
858 2738 1031 2797 amantem:

130 2830 133 2835 “
181 2818 268 2900 pars
292 2817 413 2881 animae
435 2817 559 2882 victura
581 2841 683 2898 meae,
707 2820 759 2883 cui
764 2820 927 2973 tlinquere
950 2822 1073 2906 possim

180 2905 361 2991 catinam,
385 2928 464 2989 quos
487 2905 566 2970 dura
588 2907 668 2971 mihi
691 2908 778 2991 rapit
801 2907 952 2995 Atropos,
975 2931 1088 2975 annos:

180 3015 288 3078 parce,
311 3016 438 3080 precor,
459 2994 613 3095 lacrimis,
636 3018 731 3060 saevo
750 3018 790 3060 ne
810 3002 943 3062 concute
961 2998 1094 3083 planctu

180 3087 320 3168 pectora,
342 3104 401 3147 nec
424 3083 529 3148 crucia
550 3083 729 3171 fugientem
752 3086 898 3172 coniugis
921 3088 1077 3152 umbram.
1138 3105 1188 3152 180

179 3171 291 3255 linquo
311 3171 458 3273 equidem
476 3172 644 3259 thalamos,
663 3173 784 3238 salrot
770 3178 877 3238 tamen
896 3175 1006 3240 ordine
1024 3177 1152 3261 mortis,

181 3260 267 3343 quod
289 3260 390 3345 prior:
415 3261 507 3347 exegi
529 3262 628 3348 longa
650 3262 778 3346 potiora
801 3268 928 3328 senecta

254 3512 304 3560 100
323 3508 488 3563 tenduntur:
507 3510 695 3569 1111111101ς
769 3508 948 3564 lsslflnmina:
967 3509 1082 3563 numina
1101 3510 1188 3563 Heia-

180 3577 238 3631 sa'as
328 3584 378 3632 168
401 3579 514 3633 baratro
606 3584 656 3633 172
675 3596 797 3635 reversa:
820 3596 948 3635 reversae
966 3582 1100 3636 Heinsius

81 3647 82 3660 ¹
183 3651 232 3700 177
250 3647 367 3716 possim:
386 3666 497 3718 possem
516 3652 701 3706 Martlcadus
765 3656 815 3706 180
834 3651 952 3707 Poctora
1021 3655 1070 3705 101
1090 3652 1187 3706 mortis

182 3718 323 3786 Imlrofiua:
342 3720 440 3775 mostis
