2925 4192
257 302 300 365 96
605 300 635 355 P.
654 298 780 353 1111111
798 298 916 369 sunau

322 444 378 509 sed
396 444 477 521 mihi
494 466 560 508 non
579 444 691 527 epulas
710 442 861 528 Indisque
881 442 992 507 innixa
1011 442 1168 507 columnis

253 535 373 599 robora
395 533 580 597 Maurorum
602 532 802 616 famulasque
826 554 866 596 ex
890 532 999 597 ordine
1022 536 1159 617 turmas,

252 623 373 707 ipsum,
396 622 505 706 ipsum
528 620 645 705 cupido
667 624 796 685 tantum
818 625 964 705 spectare
987 619 1111 685 vacavit
1233 638 1268 685 40

253 710 467 795 tranquillum
488 709 598 774 vultus
621 713 654 773 et
676 709 844 773 maiestate
868 731 980 774 serena

252 800 448 864 mulcentem
471 798 577 863 radios
600 796 919 882 summittentemque
942 797 1086 863 modeste

251 890 404 954 fortunae
426 887 544 952 vexilla
566 909 656 974 suae3
679 891 787 951 tamen
811 909 865 952 ore
887 886 1016 952 nitebat

254 978 474 1042 dissimulatus
496 976 606 1041 honos.
652 976 752 1040 talem
775 997 902 1060 quoque
926 975 1085 1040 barbarus
1108 975 1213 1040 hostis

254 1070 365 1152 posset
388 1070 420 1131 et
442 1066 804 1152 ignotaeconspectum
827 1086 1000 1151 agnoscere
1024 1067 1145 1150 gentes.
1229 1081 1264 1129 45

256 1177 324 1220 non
347 1154 442 1219 aliter
465 1153 571 1240 gelida
593 1153 766 1237 Rhodopes
788 1153 823 1218 in
845 1153 928 1217 valle
951 1152 1112 1218 recumbit
1193 1162 1194 1167 ’

258 1243 399 1308 dimissis
423 1242 580 1308 Gradivus
602 1241 706 1327 equis,
730 1242 776 1306 sic
798 1241 924 1307 lubrica
946 1242 1039 1326 ponit
1162 1262 1164 1267 ·

257 1332 402 1397 membra
424 1331 633 1415 Therapnaea
654 1330 815 1395 resolutus
837 1330 996 1417 gymnade
1019 1329 1149 1415 Pollux,

255 1422 302 1486 sic
324 1422 407 1485 iacet
429 1420 470 1483 ad
492 1418 627 1506 Gangen
649 1418 738 1483 ludis
764 1420 965 1484 ululantibus
987 1418 1118 1505 Euhan,

234 1579 237 1583 ³
256 1532 303 1574 111
327 1508 433 1595 gravis
456 1507 586 1581 Alcides
609 1511 683 1592 post
705 1508 866 1573 horrida
858 1529 1111 1573 11111111111111
1234 1524 1267 1573 50
1387 1568 1388 1573 ,

255 1597 422 1685 gaudebat
444 1600 546 1661 strato
568 1596 653 1661 latus
677 1596 836 1661 adclinare
858 1597 953 1662 leoni.

258 1708 358 1771 parva
375 1686 491 1770 loquor
508 1685 645 1749 necdum
662 1707 765 1769 aequo
788 1690 875 1770 tuos,
894 1684 1094 1768 Germanice,
1112 1684 1234 1749 uultus:

255 1774 344 1857 talis,
367 1774 425 1838 ubi
448 1772 568 1838 Oceani
591 1776 690 1839 finem
713 1796 903 1859 mensasque
927 1774 1038 1839 revisit

254 1862 454 1947 Aethiopum
476 1885 567 1928 sacro
591 1863 727 1927 diffusus
749 1867 823 1929 nect
824 1886 877 1928 111
900 1863 1009 1927 vultus

255 1953 320 2017 dux
343 1974 497 2037 superum
520 1956 642 2017 secreta
663 1952 756 2016 iubet
779 1952 853 2017 dare
875 1952 1018 2017 carmina
1039 1951 1148 2016 Musas
1233 1967 1267 2015 oc

255 2046 288 2107 et
310 2040 497 2106 Pallenaeos
519 2040 688 2105 Phoebum
709 2041 839 2105 laudare
863 2040 1053 2125 triumphos.

256 2183 259 2186 .
323 2130 355 2194 di
373 2129 435 2195 tibi
455 2168 497 2175 —
516 2152 653 2214 namque
672 2129 794 2194 animas
814 2151 908 2213 saepe
927 2129 1077 2195 exaudire
1096 2129 1237 2193 minores

256 2218 471 2282 dicuntur-
494 2222 552 2302 pat
538 2218 618 2282 triae
642 2218 694 2281 bis
715 2222 828 2301 terque
851 2218 937 2283 exire
960 2222 1106 2283 senectae

256 2305 427 2372 annuerint
448 2307 541 2370 fines!
578 2310 647 2370 rata
669 2306 803 2371 numina
824 2306 950 2371 miseris
972 2307 1077 2392 astris,

256 2394 439 2480 templaque
453 2394 508 2459 des
521 2395 614 2460 habit
600 2399 712 2479 tesque
727 2395 850 2460 domos!
867 2418 962 2480 saepe
976 2417 1081 2459 annua
1095 2395 1217 2479 pandas
1233 2413 1268 2459 eo

257 2483 381 2568 limina,
405 2505 500 2567 saepe
523 2485 606 2548 novo
629 2482 741 2547 Ianum
763 2483 877 2549 lictore
900 2484 1033 2569 salutes,

258 2595 356 2657 saepe
379 2571 540 2637 coronatis
562 2571 659 2635 iteres
683 2571 901 2655 quinquennia
924 2572 1046 2636 lustris!

259 2684 323 2748 qua
345 2660 426 2725 mihi
448 2659 557 2724 felices
581 2658 692 2743 epulas
715 2682 905 2744 mensaeque
928 2660 1045 2741 dedisti

259 2773 349 2815 sacra
371 2754 460 2836 tuae,
482 2747 559 2813 talis
581 2748 679 2835 longo
703 2753 779 2831 post
801 2752 948 2833 tempore
971 2750 1058 2814 venit
1103 2764 1105 2769 ’

258 2840 315 2903 lux
338 2838 432 2923 mihi,
455 2837 610 2902 Troianae
633 2837 738 2922 qualis
761 2838 821 2903 sub
846 2838 983 2903 collibus
1005 2837 1123 2924 Albae,
1159 2867 1161 2870 ·
1234 2855 1267 2903 ⁶5

258 2950 332 2991 cum
354 2926 449 2991 modo
472 2925 646 2991 Germanas
669 2927 753 2991 acies
775 2927 870 2991 modo
893 2928 980 2991 Daca
1003 2932 1170 2993 sonantem

258 3015 381 3099 proelia
403 3013 546 3079 Palladio
569 3019 626 3079 tua
648 3038 699 3081 me
721 3038 835 3081 manus
858 3016 962 3080 induit
985 3038 1072 3083 auro.

330 3249 363 3296 41
382 3242 477 3296 vultus
495 3246 525 3297 et
542 3245 713 3300 Politiamsa:
732 3244 813 3299 vultu
832 3244 881 3298 sed
944 3250 977 3299 48
997 3244 1115 3299 Menbra
1168 3249 1202 3299 11
1223 3261 1268 3298 11·

259 3330 318 3369 cro:
337 3329 466 3373 1111111
538 3313 684 3369 6111111111
699 3332 728 3374 ςε
746 3314 865 3369 Lumina
937 3321 969 3370 66
988 3315 1067 3369 Daca
1085 3333 1114 3374 ςε
1132 3315 1205 3370 11111
1262 3354 1265 3357 -

260 3390 292 3438 67
312 3383 406 3438 induit
424 3401 453 3443 ςε
473 3383 572 3440 induet
