2925 4192
256 383 318 445 122
603 382 633 434 Ρ,
652 378 776 433 ΡΑΡΙΝΙ
794 377 910 432 STATII

250 525 435 592 Dulichiive
458 525 547 610 proci
570 547 629 589 nee
651 523 707 607 qui
729 524 891 588 fraternus
914 522 1039 587 adulter

187 652 189 656 ·
251 620 339 680 casta
361 615 535 699 Mycenaeo
558 613 698 678 conubia
720 612 840 697 polluit
863 633 949 677 auro.

251 704 280 769 si
302 704 490 787 Babylonos
511 723 604 788 opes,
626 701 734 786 Lydae
758 701 786 765 si
810 701 953 785 pondera
975 722 1072 787 gazae
1224 716 1259 765 6ο
1387 719 1390 747 ³

251 792 466 877 Indorumque
485 792 575 856 dares
594 790 770 874 Serumque
788 788 997 874 Arabumque
1016 793 1167 873 potentes

255 882 397 966 divitias,
420 880 531 956 mallet
554 901 627 944 cum
650 882 842 963 paupertate
866 878 982 962 pudica

251 971 445 1035 intemerata
466 969 548 1034 mori
571 968 736 1051 vitamque
759 968 934 1050 rependere
957 967 1069 1031 famae.

250 1082 309 1125 nec
326 1060 416 1124 frons
431 1057 526 1140 triste
545 1057 653 1144 rigens
670 1056 853 1139 nimiusque
872 1056 906 1119 in
924 1056 1069 1121 moribus
1086 1056 1209 1137 horror,

249 1148 307 1213 sed
329 1147 468 1232 simplex
491 1146 665 1230 hilarisque
687 1144 767 1209 fides
791 1149 824 1209 et
846 1144 948 1209 mixta
971 1144 1087 1229 pudori
1227 1161 1260 1209 66

248 1234 364 1323 gratia
410 1235 496 1320 quod
518 1234 546 1299 si
569 1256 687 1319 anceps
709 1237 815 1297 metus
838 1234 879 1297 ad
901 1233 1022 1299 maiora
1045 1238 1202 1318 vocasset,

252 1326 309 1390 illa
331 1324 383 1390 vel
406 1324 573 1388 armiferas
595 1345 655 1407 pro
679 1322 815 1408 coniuge
838 1322 923 1387 laeta
945 1326 1088 1388 catervas
1278 1334 1281 1340 ’

248 1414 486 1496 fulmineosque
509 1412 601 1497 ignes
623 1411 784 1495 mediique
807 1410 950 1495 pericula
972 1411 1065 1494 ponti

250 1502 422 1586 exciperet.
467 1500 594 1581 melius,
619 1499 705 1584 quod
725 1521 792 1564 non
815 1500 947 1564 adversa
969 1500 1163 1583 probarunt,

251 1613 332 1676 quae
350 1590 413 1654 tibi
432 1611 508 1653 cura
525 1589 603 1673 tori,
622 1592 761 1672 quantus
780 1610 840 1671 pro
859 1588 994 1674 coniuge
1013 1587 1131 1672 pallor!
1226 1604 1259 1651 70
1383 1594 1390 1616 ¹

247 1680 307 1744 sed
328 1678 460 1743 meliore
483 1677 535 1741 vis
557 1677 688 1741 dextros
710 1681 768 1740 tua
789 1681 865 1741 vota
887 1676 1003 1742 marito

250 1789 455 1852 promeruere
478 1766 567 1851 deos,
590 1766 666 1829 dum
687 1770 782 1831 nocte
806 1765 920 1849 dieque
941 1766 1061 1852 fatigas

249 1856 394 1939 numina,
418 1855 494 1919 dum
515 1855 638 1919 cunctis
659 1853 801 1938 supplex
823 1854 1001 1919 advolveris
1023 1854 1086 1918 aris

248 1950 283 2011 et
306 1945 420 2009 mitem
442 1943 574 2031 genium
596 1942 718 2008 domini
741 1943 920 2026 praesentis
943 1942 1064 2007 adoras.

250 2034 362 2099 audita
386 2032 597 2119 es,‚venitque
620 2032 722 2119 gradu
745 2031 889 2098 Fortuna
913 2031 1062 2118 benigno.
1226 2048 1259 2095 75

249 2123 333 2187 vidit
356 2121 479 2207 quippe
501 2120 549 2205 pii
572 2121 696 2185 iuvenis
718 2141 898 2205 navamque
921 2120 1063 2203 quietem

249 2212 467 2294 intactamque
488 2210 585 2273 fidem
608 2209 831 2292 succinctaque
854 2213 987 2292 pectora
1008 2209 1092 2274 curis

252 2304 285 2363 et
308 2299 425 2385 vigiles
449 2320 561 2362 sensus
584 2302 616 2361 et
638 2298 737 2383 digna
760 2297 905 2362 evolvere
928 2301 1035 2363 tantas

250 2387 360 2451 sobria
382 2387 478 2450 corda
500 2386 594 2470 vices,
615 2385 710 2471 vidit,
734 2385 790 2468 qui
813 2390 929 2450 cuncta
951 2409 1081 2453 suorum

249 2475 341 2540 novit
363 2479 397 2539 et
419 2474 699 2558 inspectisambit
720 2473 807 2539 latus
831 2496 925 2539 omne
951 2475 1115 2541 ministris.
1209 2490 1260 2539 '80

249 2587 309 2629 nec
328 2563 457 2628 mirum:
494 2562 581 2626 videt
598 2562 654 2626 ille
673 2567 764 2627 ortus
783 2563 969 2650 obitusque,
992 2564 1069 2649 quid
1088 2568 1208 2646 auster,

250 2653 328 2738 quid
350 2653 465 2717 boreas
487 2650 644 2715 hibernus
666 2655 756 2737 agat,
778 2651 919 2736 ferrique
941 2657 1101 2739 togaeque

249 2741 383 2807 consilia
404 2745 502 2825 atque
524 2740 631 2825 ipsam
652 2746 794 2805 mentem
812 2741 939 2824 probat.
976 2741 1031 2805 ille
1049 2740 1197 2825 probatis

249 2833 368 2897 molem
386 2830 575 2894 immensam
593 2830 713 2893 umeris
736 2834 769 2894 et
791 2830 845 2894 vix
869 2829 1038 2894 tractabile
1056 2828 1182 2913 pondus

250 2920 405 3004 imposuit
424 2956 465 2966 —
484 2940 544 2983 nec
566 2918 652 2983 enim
673 2918 875 2983 numerosior
898 2918 999 2982 altera
1021 2940 1109 2983 sacra
1224 2934 1259 2982 86

249 3031 325 3072 cura
347 3008 442 3073 domo
464 3045 517 3089 —,
540 3028 693 3093 magnum
715 3007 781 3070 late
805 3005 967 3071 dimittere
990 3006 1024 3071 in
1047 3006 1159 3071 orbem

249 3096 398 3161 Romulei
421 3095 571 3159 mandata
587 3094 683 3159 ducis
705 3095 852 3177 viresque
875 3094 1051 3179 modosque

249 3184 377 3268 imperii
400 3187 537 3248 tractare
560 3204 670 3267 manu3
694 3204 776 3265 quae
798 3184 908 3247 laurus
931 3184 972 3248 ab
996 3188 1098 3269 arct0,

250 3272 326 3357 quid
345 3294 446 3358 vagus
463 3270 661 3355 Euphrates,
685 3270 763 3355 quid
784 3270 856 3354 ripa
875 3271 1051 3337 binominis
1068 3270 1186 3356 Histri,

320 3524 355 3573 64
372 3516 403 3571 in
419 3516 545 3571 moribus
563 3533 593 3576 5:
611 3516 766 3572 maioribus
854 3523 887 3571 66
906 3519 943 3571 ad
961 3533 990 3575 ςε
1010 3520 1050 3572 et:
1070 3515 1100 3571 in
1117 3518 1260 3572 Baehrens

319 3590 449 3644 vocasset
467 3604 496 3648 5:
513 3590 644 3643 66666666
718 3593 752 3642 81
773 3590 867 3643 auster
886 3605 915 3647 5:
934 3588 1027 3643 arctos
1106 3592 1140 3642 82
1158 3589 1257 3658 togae-
1387 3616 1388 3625 κ

249 3677 303 3728 que
322 3678 351 3719 5:
379 3662 508 3741 rotagae,
602 3664 636 3743 86
654 3658 782 3727 probatis
801 3660 955 3715 Krobuiuo:
983 3658 1103 3713 iubatis:
1131 3658 1258 3713 subactis

249 3733 399 3787 Avarities:
418 3738 524 3799 rugatus
542 3731 663 3786 Lohreus
736 3735 769 3783 84
787 3730 895 3800 pondus
913 3731 1063 3786 Areatas:
1082 3733 1193 3800 tempus
