<?xml version="1.0" encoding="UTF-8"?>
<!DOCTYPE html PUBLIC "-//W3C//DTD XHTML 1.0 Transitional//EN"
    "http://www.w3.org/TR/xhtml1/DTD/xhtml1-transitional.dtd">
<html xmlns="http://www.w3.org/1999/xhtml" xml:lang="en" lang="en">
 <head>
  <title>
</title>
<meta http-equiv="Content-Type" content="text/html;charset=utf-8" />
  <meta name='ocr-system' content='tesseract 3.04.00' />
  <meta name='ocr-capabilities' content='ocr_page ocr_carea ocr_par ocr_line ocrx_word'/>
</head>
<body>
  <div class='ocr_page' id='page_1' title='image "./opera00statgoog_0198.png"; bbox 0 0 2925 4192; ppageno 0'>
   <div class='ocr_carea' id='block_1_1' title="bbox 563 342 1238 413">
    <p class='ocr_par' dir='ltr' id='par_1_1' title="bbox 563 342 1238 413">
     <span class='ocr_line' id='line_1_1' title="bbox 563 342 1238 413; baseline 0.001 -15"><span class='ocrx_word' id='word_1_1' title='bbox 563 344 749 398; x_wconf 78' lang='lat' dir='ltr'><strong>sumnum</strong></span> <span class='ocrx_word' id='word_1_2' title='bbox 766 344 796 399; x_wconf 83' lang='lat' dir='ltr'><strong>n.</strong></span> <span class='ocrx_word' id='word_1_3' title='bbox 812 343 859 413; x_wconf 76' lang='lat' dir='ltr'><strong>iv,</strong></span> <span class='ocrx_word' id='word_1_4' title='bbox 872 352 897 399; x_wconf 81' lang='lat'><strong>4.</strong></span> <span class='ocrx_word' id='word_1_5' title='bbox 1174 342 1238 409; x_wconf 86' lang='lat'><strong>103</strong></span> 
     </span>
    </p>
   </div>
   <div class='ocr_carea' id='block_1_2' title="bbox 221 488 1306 2775">
    <p class='ocr_par' dir='ltr' id='par_1_2' title="bbox 225 488 1147 664">
     <span class='ocr_line' id='line_1_2' title="bbox 227 488 1147 577; baseline 0 -22"><span class='ocrx_word' id='word_1_6' title='bbox 227 488 365 577; x_wconf 81' lang='lat' dir='ltr'>Algidus</span> <span class='ocrx_word' id='word_1_7' title='bbox 382 492 439 554; x_wconf 89' lang='lat' dir='ltr'><strong>aut</strong></span> <span class='ocrx_word' id='word_1_8' title='bbox 457 489 592 553; x_wconf 88' lang='lat' dir='ltr'><strong>horrens</strong></span> <span class='ocrx_word' id='word_1_9' title='bbox 609 493 666 553; x_wconf 89' lang='lat' dir='ltr'><strong>aut</strong></span> <span class='ocrx_word' id='word_1_10' title='bbox 684 488 822 553; x_wconf 82' lang='lat' dir='ltr'><strong>Tuscula</strong></span> <span class='ocrx_word' id='word_1_11' title='bbox 840 489 985 575; x_wconf 80' lang='lat' dir='ltr'><strong>protegit</strong></span> <span class='ocrx_word' id='word_1_12' title='bbox 1003 490 1147 574; x_wconf 51' lang='lat' dir='ltr'><strong>umbra„</strong></span> 
     </span>
     <span class='ocr_line' id='line_1_3' title="bbox 225 577 1044 664; baseline -0.002 -20"><span class='ocrx_word' id='word_1_13' title='bbox 225 578 356 645; x_wconf 77' lang='lat' dir='ltr'>Tiburis</span> <span class='ocrx_word' id='word_1_14' title='bbox 377 577 412 642; x_wconf 95' lang='lat' dir='ltr'><strong>hi</strong></span> <span class='ocrx_word' id='word_1_15' title='bbox 434 579 525 643; x_wconf 90' lang='lat' dir='ltr'><strong>lucos</strong></span> <span class='ocrx_word' id='word_1_16' title='bbox 546 577 736 663; x_wconf 78' lang='lat' dir='ltr'><strong>Anienaque</strong></span> <span class='ocrx_word' id='word_1_17' title='bbox 759 578 881 664; x_wconf 81' lang='lat' dir='ltr'><strong>frigora</strong></span> <span class='ocrx_word' id='word_1_18' title='bbox 904 581 1044 662; x_wconf 87' lang='lat' dir='ltr'><strong>captant.</strong></span> 
     </span>
    </p>

    <p class='ocr_par' dir='ltr' id='par_1_3' title="bbox 225 666 1127 840">
     <span class='ocr_line' id='line_1_4' title="bbox 225 666 1127 753; baseline 0 -20"><span class='ocrx_word' id='word_1_19' title='bbox 225 673 261 733; x_wconf 79' lang='lat' dir='ltr'><strong>te</strong></span> <span class='ocrx_word' id='word_1_20' title='bbox 284 689 412 753; x_wconf 88' lang='lat' dir='ltr'><strong>quoque</strong></span> <span class='ocrx_word' id='word_1_21' title='bbox 435 666 593 732; x_wconf 76' lang='lat' dir='ltr'><strong>clamosae</strong></span> <span class='ocrx_word' id='word_1_22' title='bbox 618 688 777 751; x_wconf 89' lang='lat' dir='ltr'><strong>quaenam</strong></span> <span class='ocrx_word' id='word_1_23' title='bbox 799 667 897 753; x_wconf 81' lang='lat' dir='ltr'><strong>plaga</strong></span> <span class='ocrx_word' id='word_1_24' title='bbox 919 666 1030 732; x_wconf 91' lang='lat' dir='ltr'><strong>mitior</strong></span> <span class='ocrx_word' id='word_1_25' title='bbox 1051 668 1127 733; x_wconf 90' lang='lat' dir='ltr'><strong>urbi</strong></span> 
     </span>
     <span class='ocr_line' id='line_1_5' title="bbox 228 755 1047 840; baseline -0.001 -18"><span class='ocrx_word' id='word_1_26' title='bbox 228 756 415 822; x_wconf 77' lang='lat' dir='ltr'><strong>subtrahit?</strong></span> <span class='ocrx_word' id='word_1_27' title='bbox 452 755 591 821; x_wconf 85' lang='lat' dir='ltr'><strong>aestivos</strong></span> <span class='ocrx_word' id='word_1_28' title='bbox 614 777 677 840; x_wconf 93' lang='lat' dir='ltr'><strong>quo</strong></span> <span class='ocrx_word' id='word_1_29' title='bbox 701 756 823 839; x_wconf 84' lang='lat' dir='ltr'><strong>decipis</strong></span> <span class='ocrx_word' id='word_1_30' title='bbox 846 777 919 820; x_wconf 89' lang='lat' dir='ltr'><strong>aere</strong></span> <span class='ocrx_word' id='word_1_31' title='bbox 942 756 1047 821; x_wconf 82' lang='lat' dir='ltr'><strong>soles?</strong></span> 
     </span>
    </p>

    <p class='ocr_par' dir='ltr' id='par_1_4' title="bbox 221 844 1306 1553">
     <span class='ocr_line' id='line_1_6' title="bbox 225 844 1237 931; baseline 0 -20"><span class='ocrx_word' id='word_1_32' title='bbox 225 845 325 931; x_wconf 77' lang='lat' dir='ltr'><strong>quid?</strong></span> <span class='ocrx_word' id='word_1_33' title='bbox 354 848 431 911; x_wconf 88' lang='lat' dir='ltr'><strong>tuus</strong></span> <span class='ocrx_word' id='word_1_34' title='bbox 448 848 523 909; x_wconf 88' lang='lat' dir='ltr'><strong>ante</strong></span> <span class='ocrx_word' id='word_1_35' title='bbox 541 844 655 928; x_wconf 86' lang='lat' dir='ltr'><strong>omnis,</strong></span> <span class='ocrx_word' id='word_1_36' title='bbox 672 848 729 909; x_wconf 89' lang='lat' dir='ltr'><strong>tua</strong></span> <span class='ocrx_word' id='word_1_37' title='bbox 748 866 824 909; x_wconf 85' lang='lat' dir='ltr'><strong>cura</strong></span> <span class='ocrx_word' id='word_1_38' title='bbox 841 844 1018 929; x_wconf 82' lang='lat' dir='ltr'><strong>potissima,</strong></span> <span class='ocrx_word' id='word_1_39' title='bbox 1037 844 1157 931; x_wconf 79' lang='lat' dir='ltr'><strong>Gallus,</strong></span> <span class='ocrx_word' id='word_1_40' title='bbox 1203 862 1237 911; x_wconf 86' lang='grc' dir='ltr'><strong>2ο</strong></span> 
     </span>
     <span class='ocr_line' id='line_1_7' title="bbox 224 933 1306 1035; baseline 0.001 -36"><span class='ocrx_word' id='word_1_41' title='bbox 224 956 284 999; x_wconf 92' lang='lat' dir='ltr'><strong>nec</strong></span> <span class='ocrx_word' id='word_1_42' title='bbox 301 956 367 998; x_wconf 92' lang='lat' dir='ltr'><strong>non</strong></span> <span class='ocrx_word' id='word_1_43' title='bbox 384 937 494 999; x_wconf 90' lang='lat' dir='ltr'><strong>noster</strong></span> <span class='ocrx_word' id='word_1_44' title='bbox 512 956 602 998; x_wconf 89' lang='lat' dir='ltr'><strong>amor</strong></span> <span class='ocrx_word' id='word_1_45' title='bbox 616 970 657 981; x_wconf 90' lang='lat'><strong>—-</strong></span> <span class='ocrx_word' id='word_1_46' title='bbox 673 933 809 998; x_wconf 90' lang='lat' dir='ltr'><strong>dubium</strong></span> <span class='ocrx_word' id='word_1_47' title='bbox 825 955 992 1035; x_wconf 80' lang='lat' dir='ltr'><strong>morumne</strong></span> <span class='ocrx_word' id='word_1_48' title='bbox 1011 935 1199 1017; x_wconf 85' lang='lat' dir='ltr'><strong>probandus</strong></span> <span class='ocrx_word' id='word_1_49' title='bbox 1304 936 1306 941; x_wconf 78' lang='grc'><strong>’</strong></span> 
     </span>
     <span class='ocr_line' id='line_1_8' title="bbox 224 1022 1050 1195; baseline -0.002 -18"><span class='ocrx_word' id='word_1_50' title='bbox 224 1022 541 1177; x_wconf 45' lang='lat' dir='ltr'><strong>hathuidis</strong></span> <span class='ocrx_word' id='word_1_51' title='bbox 564 1022 683 1195; x_wconf 62' lang='lat' dir='ltr'><strong>tlt</strong></span> <span class='ocrx_word' id='word_1_52' title='bbox 704 1026 1050 1176; x_wconf 55' lang='lat' dir='ltr'><strong>dllhlshsslhs</strong></span> 
     </span>
     <span class='ocr_line' id='line_1_9' title="bbox 224 1199 1197 1285; baseline -0.002 -20"><span class='ocrx_word' id='word_1_53' title='bbox 224 1200 469 1285; x_wconf 72' lang='lat' dir='ltr'><strong>Tyrrhenasque</strong></span> <span class='ocrx_word' id='word_1_54' title='bbox 488 1200 622 1266; x_wconf 74' lang='lat' dir='ltr'><strong>domos?</strong></span> <span class='ocrx_word' id='word_1_55' title='bbox 654 1200 742 1284; x_wconf 92' lang='lat' dir='ltr'><strong>quod</strong></span> <span class='ocrx_word' id='word_1_56' title='bbox 759 1200 787 1265; x_wconf 91' lang='lat' dir='ltr'><strong>si</strong></span> <span class='ocrx_word' id='word_1_57' title='bbox 805 1199 868 1265; x_wconf 89' lang='lat' dir='ltr'><strong>tibi</strong></span> <span class='ocrx_word' id='word_1_58' title='bbox 887 1200 1054 1284; x_wconf 85' lang='lat' dir='ltr'><strong>proximus</strong></span> <span class='ocrx_word' id='word_1_59' title='bbox 1073 1199 1197 1285; x_wconf 85' lang='lat' dir='ltr'><strong>haeret,</strong></span> 
     </span>
     <span class='ocr_line' id='line_1_10' title="bbox 221 1288 1235 1376; baseline -0.001 -21"><span class='ocrx_word' id='word_1_60' title='bbox 221 1312 289 1355; x_wconf 92' lang='lat' dir='ltr'><strong>non</strong></span> <span class='ocrx_word' id='word_1_61' title='bbox 313 1312 374 1376; x_wconf 83' lang='lat' dir='ltr'><strong>ego</strong></span> <span class='ocrx_word' id='word_1_62' title='bbox 396 1312 481 1354; x_wconf 94' lang='lat' dir='ltr'><strong>nunc</strong></span> <span class='ocrx_word' id='word_1_63' title='bbox 503 1293 611 1354; x_wconf 85' lang='lat' dir='ltr'><strong>vestro</strong></span> <span class='ocrx_word' id='word_1_64' title='bbox 633 1289 746 1373; x_wconf 85' lang='lat' dir='ltr'><strong>procul</strong></span> <span class='ocrx_word' id='word_1_65' title='bbox 769 1312 788 1353; x_wconf 90' lang='lat' dir='ltr'><strong>a</strong></span> <span class='ocrx_word' id='word_1_66' title='bbox 811 1311 956 1354; x_wconf 88' lang='lat' dir='ltr'><strong>sermone</strong></span> <span class='ocrx_word' id='word_1_67' title='bbox 979 1288 1105 1374; x_wconf 82' lang='lat' dir='ltr'><strong>reced03</strong></span> <span class='ocrx_word' id='word_1_68' title='bbox 1200 1305 1235 1354; x_wconf 79' lang='grc'><strong>25</strong></span> 
     </span>
     <span class='ocr_line' id='line_1_11' title="bbox 224 1377 1183 1465; baseline -0.002 -20"><span class='ocrx_word' id='word_1_69' title='bbox 224 1384 348 1445; x_wconf 89' lang='lat' dir='ltr'><strong>certum</strong></span> <span class='ocrx_word' id='word_1_70' title='bbox 367 1383 429 1464; x_wconf 86' lang='lat' dir='ltr'><strong>est,</strong></span> <span class='ocrx_word' id='word_1_71' title='bbox 447 1377 521 1443; x_wconf 91' lang='lat' dir='ltr'><strong>inde</strong></span> <span class='ocrx_word' id='word_1_72' title='bbox 540 1400 637 1443; x_wconf 91' lang='lat' dir='ltr'><strong>sonus</strong></span> <span class='ocrx_word' id='word_1_73' title='bbox 655 1378 800 1465; x_wconf 81' lang='lat' dir='ltr'><strong>geminas</strong></span> <span class='ocrx_word' id='word_1_74' title='bbox 818 1377 898 1442; x_wconf 93' lang='lat' dir='ltr'><strong>mihi</strong></span> <span class='ocrx_word' id='word_1_75' title='bbox 917 1377 1063 1443; x_wconf 76' lang='lat' dir='ltr'><strong>circumit</strong></span> <span class='ocrx_word' id='word_1_76' title='bbox 1082 1400 1183 1443; x_wconf 84' lang='lat' dir='ltr'><strong>aures</strong></span> 
     </span>
     <span class='ocr_line' id='line_1_12' title="bbox 223 1466 1096 1553; baseline -0.003 -19"><span class='ocrx_word' id='word_1_77' title='bbox 223 1467 279 1534; x_wconf 91' lang='lat' dir='ltr'><strong>sed</strong></span> <span class='ocrx_word' id='word_1_78' title='bbox 302 1471 353 1551; x_wconf 86' lang='lat' dir='ltr'><strong>tu,</strong></span> <span class='ocrx_word' id='word_1_79' title='bbox 375 1468 452 1532; x_wconf 94' lang='lat' dir='ltr'><strong>dum</strong></span> <span class='ocrx_word' id='word_1_80' title='bbox 473 1467 575 1533; x_wconf 90' lang='lat' dir='ltr'><strong>nimio</strong></span> <span class='ocrx_word' id='word_1_81' title='bbox 598 1489 747 1552; x_wconf 87' lang='lat' dir='ltr'><strong>possessa</strong></span> <span class='ocrx_word' id='word_1_82' title='bbox 769 1466 957 1551; x_wconf 82' lang='lat' dir='ltr'><strong>Hyperione</strong></span> <span class='ocrx_word' id='word_1_83' title='bbox 979 1468 1096 1553; x_wconf 80' lang='lat' dir='ltr'><strong>flagrat</strong></span> 
     </span>
    </p>

    <p class='ocr_par' dir='ltr' id='par_1_5' title="bbox 224 1554 956 1642">
     <span class='ocr_line' id='line_1_13' title="bbox 224 1554 956 1642; baseline -0.003 -20"><span class='ocrx_word' id='word_1_84' title='bbox 224 1562 319 1622; x_wconf 81' lang='lat' dir='ltr'><strong>torva</strong></span> <span class='ocrx_word' id='word_1_85' title='bbox 342 1555 493 1622; x_wconf 75' lang='lat' dir='ltr'><strong>Cleonaei</strong></span> <span class='ocrx_word' id='word_1_86' title='bbox 515 1556 594 1621; x_wconf 90' lang='lat' dir='ltr'><strong>iuba</strong></span> <span class='ocrx_word' id='word_1_87' title='bbox 616 1554 744 1642; x_wconf 89' lang='lat' dir='ltr'><strong>sideris,</strong></span> <span class='ocrx_word' id='word_1_88' title='bbox 767 1578 848 1621; x_wconf 76' lang='lat' dir='ltr'><strong>exue</strong></span> <span class='ocrx_word' id='word_1_89' title='bbox 872 1555 956 1622; x_wconf 90' lang='lat' dir='ltr'><strong>curis</strong></span> 
     </span>
    </p>

    <p class='ocr_par' dir='ltr' id='par_1_6' title="bbox 223 1644 931 1729">
     <span class='ocr_line' id='line_1_14' title="bbox 223 1644 931 1729; baseline -0.001 -19"><span class='ocrx_word' id='word_1_90' title='bbox 223 1649 338 1729; x_wconf 89' lang='lat' dir='ltr'><strong>pectus</strong></span> <span class='ocrx_word' id='word_1_91' title='bbox 361 1649 393 1708; x_wconf 91' lang='lat' dir='ltr'><strong>et</strong></span> <span class='ocrx_word' id='word_1_92' title='bbox 416 1645 544 1710; x_wconf 88' lang='lat' dir='ltr'><strong>assiduo</strong></span> <span class='ocrx_word' id='word_1_93' title='bbox 567 1648 668 1710; x_wconf 86' lang='lat' dir='ltr'><strong>temet</strong></span> <span class='ocrx_word' id='word_1_94' title='bbox 689 1646 796 1710; x_wconf 84' lang='lat' dir='ltr'><strong>furare</strong></span> <span class='ocrx_word' id='word_1_95' title='bbox 819 1644 931 1709; x_wconf 90' lang='lat' dir='ltr'><strong>labori.</strong></span> 
     </span>
    </p>

    <p class='ocr_par' dir='ltr' id='par_1_7' title="bbox 223 1731 1067 1818">
     <span class='ocr_line' id='line_1_15' title="bbox 223 1731 1067 1818; baseline -0.001 -20"><span class='ocrx_word' id='word_1_96' title='bbox 223 1738 257 1798; x_wconf 91' lang='lat' dir='ltr'><strong>et</strong></span> <span class='ocrx_word' id='word_1_97' title='bbox 279 1735 389 1798; x_wconf 85' lang='lat' dir='ltr'><strong>sontes</strong></span> <span class='ocrx_word' id='word_1_98' title='bbox 413 1731 520 1817; x_wconf 91' lang='lat' dir='ltr'><strong>operit</strong></span> <span class='ocrx_word' id='word_1_99' title='bbox 541 1734 709 1818; x_wconf 87' lang='lat' dir='ltr'><strong>pharetras</strong></span> <span class='ocrx_word' id='word_1_100' title='bbox 731 1755 904 1818; x_wconf 86' lang='lat' dir='ltr'><strong>arcumque</strong></span> <span class='ocrx_word' id='word_1_101' title='bbox 928 1734 1067 1798; x_wconf 86' lang='lat' dir='ltr'><strong>retendit</strong></span> 
     </span>
    </p>

    <p class='ocr_par' dir='ltr' id='par_1_8' title="bbox 223 1820 970 1907">
     <span class='ocr_line' id='line_1_16' title="bbox 223 1820 970 1907; baseline -0.001 -20"><span class='ocrx_word' id='word_1_102' title='bbox 223 1821 365 1887; x_wconf 87' lang='lat' dir='ltr'><strong>Parthus</strong></span> <span class='ocrx_word' id='word_1_103' title='bbox 388 1825 421 1885; x_wconf 89' lang='lat' dir='ltr'><strong>et</strong></span> <span class='ocrx_word' id='word_1_104' title='bbox 443 1820 533 1887; x_wconf 80' lang='lat' dir='ltr'><strong>Eleis</strong></span> <span class='ocrx_word' id='word_1_105' title='bbox 555 1821 668 1907; x_wconf 83' lang='lat' dir='ltr'><strong>auriga</strong></span> <span class='ocrx_word' id='word_1_106' title='bbox 689 1822 860 1887; x_wconf 89' lang='lat' dir='ltr'><strong>laboribus</strong></span> <span class='ocrx_word' id='word_1_107' title='bbox 882 1826 970 1887; x_wconf 88' lang='lat' dir='ltr'><strong>actos</strong></span> 
     </span>
    </p>

    <p class='ocr_par' dir='ltr' id='par_1_9' title="bbox 222 1909 1017 1994">
     <span class='ocr_line' id='line_1_17' title="bbox 222 1909 1017 1994; baseline -0.003 -19"><span class='ocrx_word' id='word_1_108' title='bbox 222 1909 352 1994; x_wconf 82' lang='lat' dir='ltr'><strong>Alpheo</strong></span> <span class='ocrx_word' id='word_1_109' title='bbox 375 1910 553 1993; x_wconf 89' lang='lat' dir='ltr'><strong>permulcet</strong></span> <span class='ocrx_word' id='word_1_110' title='bbox 576 1931 677 1993; x_wconf 92' lang='lat' dir='ltr'><strong>equos</strong></span> <span class='ocrx_word' id='word_1_111' title='bbox 699 1915 733 1975; x_wconf 91' lang='lat' dir='ltr'><strong>et</strong></span> <span class='ocrx_word' id='word_1_112' title='bbox 755 1914 866 1975; x_wconf 88' lang='lat' dir='ltr'><strong>nostra</strong></span> <span class='ocrx_word' id='word_1_113' title='bbox 888 1909 1017 1975; x_wconf 83' lang='lat' dir='ltr'><strong>fatescit</strong></span> 
     </span>
    </p>

    <p class='ocr_par' dir='ltr' id='par_1_10' title="bbox 222 1998 986 2085">
     <span class='ocr_line' id='line_1_18' title="bbox 222 1998 986 2085; baseline -0.004 -21"><span class='ocrx_word' id='word_1_114' title='bbox 222 2000 414 2083; x_wconf 71' lang='lat' dir='ltr'><strong>laxatumque</strong></span> <span class='ocrx_word' id='word_1_115' title='bbox 437 1998 561 2082; x_wconf 84' lang='lat' dir='ltr'><strong>chelys:</strong></span> <span class='ocrx_word' id='word_1_116' title='bbox 598 1998 681 2063; x_wconf 84' lang='lat' dir='ltr'><strong>vires</strong></span> <span class='ocrx_word' id='word_1_117' title='bbox 704 1998 842 2085; x_wconf 81' lang='lat' dir='ltr'><strong>instigat</strong></span> <span class='ocrx_word' id='word_1_118' title='bbox 864 1998 986 2082; x_wconf 88' lang='lat' dir='ltr'><strong>alitque</strong></span> 
     </span>
    </p>

    <p class='ocr_par' dir='ltr' id='par_1_11' title="bbox 222 2086 998 2189">
     <span class='ocr_line' id='line_1_19' title="bbox 222 2086 998 2189; baseline -0.004 -35"><span class='ocrx_word' id='word_1_119' title='bbox 222 2087 418 2172; x_wconf 85' lang='lat' dir='ltr'><strong>tempestiva</strong></span> <span class='ocrx_word' id='word_1_120' title='bbox 442 2087 546 2172; x_wconf 88' lang='lat' dir='ltr'><strong>quies,</strong></span> <span class='ocrx_word' id='word_1_121' title='bbox 569 2087 672 2153; x_wconf 89' lang='lat' dir='ltr'><strong>maior</strong></span> <span class='ocrx_word' id='word_1_122' title='bbox 695 2091 770 2189; x_wconf 91' lang='lat' dir='ltr'><strong>post</strong></span> <span class='ocrx_word' id='word_1_123' title='bbox 792 2086 859 2152; x_wconf 90' lang='lat' dir='ltr'><strong>otia</strong></span> <span class='ocrx_word' id='word_1_124' title='bbox 881 2088 998 2152; x_wconf 85' lang='lat' dir='ltr'><strong>virtus!</strong></span> 
     </span>
    </p>

    <p class='ocr_par' dir='ltr' id='par_1_12' title="bbox 221 2174 896 2242">
     <span class='ocr_line' id='line_1_20' title="bbox 221 2174 896 2242; baseline -0.001 0"><span class='ocrx_word' id='word_1_125' title='bbox 221 2178 298 2242; x_wconf 84' lang='lat' dir='ltr'><strong>talis</strong></span> <span class='ocrx_word' id='word_1_126' title='bbox 321 2180 451 2241; x_wconf 84' lang='lat' dir='ltr'><strong>cantata</strong></span> <span class='ocrx_word' id='word_1_127' title='bbox 473 2176 617 2241; x_wconf 84' lang='lat' dir='ltr'><strong>Briseide</strong></span> <span class='ocrx_word' id='word_1_128' title='bbox 640 2176 730 2241; x_wconf 85' lang='lat' dir='ltr'><strong>venit</strong></span> <span class='ocrx_word' id='word_1_129' title='bbox 715 2174 896 2241; x_wconf 83' lang='lat' dir='ltr'><strong>Atchilles</strong></span> 
     </span>
    </p>

    <p class='ocr_par' dir='ltr' id='par_1_13' title="bbox 223 2265 1150 2355">
     <span class='ocr_line' id='line_1_21' title="bbox 223 2265 1150 2355; baseline -0.003 -23"><span class='ocrx_word' id='word_1_130' title='bbox 223 2266 368 2332; x_wconf 83' lang='lat' dir='ltr'><strong>acriore</strong></span> <span class='ocrx_word' id='word_1_131' title='bbox 351 2269 385 2330; x_wconf 97' lang='lat' dir='ltr'><strong>t</strong></span> <span class='ocrx_word' id='word_1_132' title='bbox 407 2265 523 2350; x_wconf 77' lang='lat' dir='ltr'><strong>positis</strong></span> <span class='ocrx_word' id='word_1_133' title='bbox 546 2265 685 2350; x_wconf 86' lang='lat' dir='ltr'><strong>erupit</strong></span> <span class='ocrx_word' id='word_1_134' title='bbox 675 2288 710 2330; x_wconf 91' lang='lat' dir='ltr'><strong>m</strong></span> <span class='ocrx_word' id='word_1_135' title='bbox 732 2265 817 2330; x_wconf 86' lang='lat' dir='ltr'><strong>Hect</strong></span> <span class='ocrx_word' id='word_1_136' title='bbox 802 2269 874 2330; x_wconf 86' lang='lat' dir='ltr'><strong>tora</strong></span> <span class='ocrx_word' id='word_1_137' title='bbox 897 2265 1038 2355; x_wconf 85' lang='lat' dir='ltr'><strong>plectris</strong></span> <span class='ocrx_word' id='word_1_138' title='bbox 1147 2270 1150 2274; x_wconf 75' lang='grc'><em>’</em></span> 
     </span>
    </p>

    <p class='ocr_par' dir='ltr' id='par_1_14' title="bbox 221 2354 1143 2510">
     <span class='ocr_line' id='line_1_22' title="bbox 221 2354 1143 2440; baseline -0.002 -19.962"><span class='ocrx_word' id='word_1_139' title='bbox 221 2359 255 2420; x_wconf 90' lang='lat' dir='ltr'><strong>te</strong></span> <span class='ocrx_word' id='word_1_140' title='bbox 278 2377 407 2440; x_wconf 89' lang='lat' dir='ltr'><strong>quoque</strong></span> <span class='ocrx_word' id='word_1_141' title='bbox 429 2354 646 2420; x_wconf 86' lang='lat' dir='ltr'><strong>flammabitt</strong></span> <span class='ocrx_word' id='word_1_142' title='bbox 632 2355 729 2420; x_wconf 86' lang='lat' dir='ltr'><strong>tacite</strong></span> <span class='ocrx_word' id='word_1_143' title='bbox 752 2354 892 2439; x_wconf 86' lang='lat' dir='ltr'><strong>repetita</strong></span> <span class='ocrx_word' id='word_1_144' title='bbox 913 2376 1143 2439; x_wconf 86' lang='lat' dir='ltr'><strong>parumper</strong></span> 
     </span>
     <span class='ocr_line' id='line_1_23' title="bbox 221 2443 1033 2510; baseline -0.001 -1"><span class='ocrx_word' id='word_1_145' title='bbox 221 2444 345 2509; x_wconf 89' lang='lat' dir='ltr'><strong>desidia</strong></span> <span class='ocrx_word' id='word_1_146' title='bbox 368 2448 401 2509; x_wconf 90' lang='lat' dir='ltr'><strong>et</strong></span> <span class='ocrx_word' id='word_1_147' title='bbox 424 2443 544 2509; x_wconf 91' lang='lat' dir='ltr'><strong>solidos</strong></span> <span class='ocrx_word' id='word_1_148' title='bbox 565 2466 669 2510; x_wconf 81' lang='lat' dir='ltr'><strong>novus</strong></span> <span class='ocrx_word' id='word_1_149' title='bbox 691 2443 885 2509; x_wconf 74' lang='lat' dir='ltr'><strong>exrdtebis</strong></span> <span class='ocrx_word' id='word_1_150' title='bbox 876 2466 912 2508; x_wconf 91' lang='lat' dir='ltr'><strong>m</strong></span> <span class='ocrx_word' id='word_1_151' title='bbox 934 2447 1033 2508; x_wconf 87' lang='lat' dir='ltr'><strong>actus</strong></span> 
     </span>
    </p>

    <p class='ocr_par' dir='ltr' id='par_1_15' title="bbox 222 2532 1031 2619">
     <span class='ocr_line' id='line_1_24' title="bbox 222 2532 1031 2619; baseline 0 -22"><span class='ocrx_word' id='word_1_152' title='bbox 222 2532 340 2597; x_wconf 87' lang='lat' dir='ltr'><strong>certe</strong></span> <span class='ocrx_word' id='word_1_153' title='bbox 331 2555 396 2597; x_wconf 81' lang='lat' dir='ltr'><strong>ram</strong></span> <span class='ocrx_word' id='word_1_154' title='bbox 418 2532 530 2598; x_wconf 88' lang='lat' dir='ltr'><strong>Latiae</strong></span> <span class='ocrx_word' id='word_1_155' title='bbox 552 2555 619 2598; x_wconf 92' lang='lat' dir='ltr'><strong>non</strong></span> <span class='ocrx_word' id='word_1_156' title='bbox 640 2532 779 2598; x_wconf 88' lang='lat' dir='ltr'><strong>miscent</strong></span> <span class='ocrx_word' id='word_1_157' title='bbox 801 2532 907 2619; x_wconf 81' lang='lat' dir='ltr'><strong>iurgia</strong></span> <span class='ocrx_word' id='word_1_158' title='bbox 928 2533 1031 2619; x_wconf 83' lang='lat' dir='ltr'><strong>leges,</strong></span> 
     </span>
    </p>

    <p class='ocr_par' dir='ltr' id='par_1_16' title="bbox 223 2621 1188 2775">
     <span class='ocr_line' id='line_1_25' title="bbox 223 2621 1188 2707; baseline 0 -23"><span class='ocrx_word' id='word_1_159' title='bbox 223 2625 257 2684; x_wconf 91' lang='lat' dir='ltr'><strong>et</strong></span> <span class='ocrx_word' id='word_1_160' title='bbox 274 2642 387 2704; x_wconf 89' lang='lat' dir='ltr'><strong>pacem</strong></span> <span class='ocrx_word' id='word_1_161' title='bbox 405 2621 500 2707; x_wconf 82' lang='lat' dir='ltr'><strong>piger</strong></span> <span class='ocrx_word' id='word_1_162' title='bbox 518 2643 620 2686; x_wconf 89' lang='lat' dir='ltr'><strong>annus</strong></span> <span class='ocrx_word' id='word_1_163' title='bbox 638 2622 739 2687; x_wconf 89' lang='lat' dir='ltr'><strong>habet</strong></span> <span class='ocrx_word' id='word_1_164' title='bbox 758 2643 941 2705; x_wconf 87' lang='lat' dir='ltr'><strong>messesque</strong></span> <span class='ocrx_word' id='word_1_165' title='bbox 960 2642 1104 2685; x_wconf 85' lang='lat' dir='ltr'><strong>reversae</strong></span> <span class='ocrx_word' id='word_1_166' title='bbox 1187 2650 1188 2657; x_wconf 47' lang='lat'>¹</span> 
     </span>
     <span class='ocr_line' id='line_1_26' title="bbox 223 2708 1058 2775; baseline 0.001 -3"><span class='ocrx_word' id='word_1_167' title='bbox 223 2708 372 2773; x_wconf 89' lang='lat' dir='ltr'><strong>dimisere</strong></span> <span class='ocrx_word' id='word_1_168' title='bbox 395 2709 509 2773; x_wconf 85' lang='lat' dir='ltr'><strong>forum.</strong></span> <span class='ocrx_word' id='word_1_169' title='bbox 553 2731 613 2774; x_wconf 92' lang='lat' dir='ltr'><strong>nec</strong></span> <span class='ocrx_word' id='word_1_170' title='bbox 635 2709 700 2774; x_wconf 91' lang='lat' dir='ltr'><strong>iam</strong></span> <span class='ocrx_word' id='word_1_171' title='bbox 722 2710 786 2774; x_wconf 90' lang='lat' dir='ltr'><strong>tibi</strong></span> <span class='ocrx_word' id='word_1_172' title='bbox 808 2711 907 2775; x_wconf 83' lang='lat' dir='ltr'><strong>urtba</strong></span> <span class='ocrx_word' id='word_1_173' title='bbox 928 2732 1058 2773; x_wconf 90' lang='lat' dir='ltr'><strong>reorum</strong></span> 
     </span>
    </p>
   </div>
   <div class='ocr_carea' id='block_1_3' title="bbox 74 2795 1016 2885">
    <p class='ocr_par' dir='ltr' id='par_1_17' title="bbox 74 2795 1016 2885">
     <span class='ocr_line' id='line_1_27' title="bbox 74 2795 1016 2885; baseline 0 -24"><span class='ocrx_word' id='word_1_174' title='bbox 74 2807 75 2820; x_wconf 65' lang='lat'>¹</span> <span class='ocrx_word' id='word_1_175' title='bbox 178 2810 187 2823; x_wconf 77' lang='lat'><strong>⁴</strong></span> <span class='ocrx_word' id='word_1_176' title='bbox 223 2795 384 2862; x_wconf 80' lang='lat' dir='ltr'><strong>vestibulo</strong></span> <span class='ocrx_word' id='word_1_177' title='bbox 408 2797 596 2881; x_wconf 90' lang='lat' dir='ltr'><strong>querulique</strong></span> <span class='ocrx_word' id='word_1_178' title='bbox 619 2802 737 2885; x_wconf 83' lang='lat' dir='ltr'><strong>rogant</strong></span> <span class='ocrx_word' id='word_1_179' title='bbox 760 2798 847 2863; x_wconf 84' lang='lat' dir='ltr'><strong>exire</strong></span> <span class='ocrx_word' id='word_1_180' title='bbox 870 2798 1016 2881; x_wconf 78' lang='lat' dir='ltr'><strong>clientes3</strong></span> 
     </span>
    </p>
   </div>
   <div class='ocr_carea' id='block_1_4' title="bbox 221 2885 1061 3328">
    <p class='ocr_par' dir='ltr' id='par_1_18' title="bbox 222 2885 960 2970">
     <span class='ocr_line' id='line_1_28' title="bbox 222 2885 960 2970; baseline -0.003 -19"><span class='ocrx_word' id='word_1_181' title='bbox 222 2889 327 2951; x_wconf 86' lang='lat' dir='ltr'><strong>cessat</strong></span> <span class='ocrx_word' id='word_1_182' title='bbox 349 2885 476 2950; x_wconf 91' lang='lat' dir='ltr'><strong>centeni</strong></span> <span class='ocrx_word' id='word_1_183' title='bbox 499 2886 696 2951; x_wconf 86' lang='lat' dir='ltr'><strong>moderatrix</strong></span> <span class='ocrx_word' id='word_1_184' title='bbox 718 2886 833 2951; x_wconf 88' lang='lat' dir='ltr'><strong>iudicis</strong></span> <span class='ocrx_word' id='word_1_185' title='bbox 854 2885 927 2950; x_wconf 86' lang='lat' dir='ltr'><strong>hast</strong></span> <span class='ocrx_word' id='word_1_186' title='bbox 913 2889 960 2970; x_wconf 81' lang='lat' dir='ltr'><strong>ta,</strong></span> 
     </span>
    </p>

    <p class='ocr_par' dir='ltr' id='par_1_19' title="bbox 221 2973 1061 3328">
     <span class='ocr_line' id='line_1_29' title="bbox 223 2973 1061 3060; baseline -0.002 -20"><span class='ocrx_word' id='word_1_187' title='bbox 223 2997 287 3060; x_wconf 84' lang='lat' dir='ltr'><strong>qua</strong></span> <span class='ocrx_word' id='word_1_188' title='bbox 309 2974 372 3039; x_wconf 89' lang='lat' dir='ltr'><strong>tibi</strong></span> <span class='ocrx_word' id='word_1_189' title='bbox 395 2973 528 3040; x_wconf 90' lang='lat' dir='ltr'><strong>sublimi</strong></span> <span class='ocrx_word' id='word_1_190' title='bbox 550 2974 614 3039; x_wconf 88' lang='lat' dir='ltr'><strong>iam</strong></span> <span class='ocrx_word' id='word_1_191' title='bbox 635 2997 722 3040; x_wconf 88' lang='lat' dir='ltr'><strong>nunc</strong></span> <span class='ocrx_word' id='word_1_192' title='bbox 745 2974 953 3041; x_wconf 85' lang='lat' dir='ltr'><strong>celeberrima</strong></span> <span class='ocrx_word' id='word_1_193' title='bbox 975 2974 1061 3039; x_wconf 82' lang='lat' dir='ltr'><strong>fama</strong></span> 
     </span>
     <span class='ocr_line' id='line_1_30' title="bbox 222 3062 1026 3148; baseline -0.002 -19"><span class='ocrx_word' id='word_1_194' title='bbox 222 3064 343 3129; x_wconf 87' lang='lat' dir='ltr'><strong>eminet</strong></span> <span class='ocrx_word' id='word_1_195' title='bbox 366 3068 399 3128; x_wconf 92' lang='lat' dir='ltr'><strong>et</strong></span> <span class='ocrx_word' id='word_1_196' title='bbox 421 3062 545 3127; x_wconf 84' lang='lat' dir='ltr'><strong>iuvenis</strong></span> <span class='ocrx_word' id='word_1_197' title='bbox 568 3064 717 3128; x_wconf 88' lang='lat' dir='ltr'><strong>facundia</strong></span> <span class='ocrx_word' id='word_1_198' title='bbox 739 3062 894 3148; x_wconf 81' lang='lat' dir='ltr'><strong>praeterit</strong></span> <span class='ocrx_word' id='word_1_199' title='bbox 917 3084 1026 3129; x_wconf 87' lang='lat' dir='ltr'><strong>annos.</strong></span> 
     </span>
     <span class='ocr_line' id='line_1_31' title="bbox 221 3150 950 3238; baseline -0.001 -21"><span class='ocrx_word' id='word_1_200' title='bbox 221 3153 301 3218; x_wconf 85' lang='lat' dir='ltr'><strong>felix</strong></span> <span class='ocrx_word' id='word_1_201' title='bbox 324 3174 486 3238; x_wconf 81' lang='lat' dir='ltr'><strong>curarum,</strong></span> <span class='ocrx_word' id='word_1_202' title='bbox 509 3152 561 3216; x_wconf 91' lang='lat' dir='ltr'><strong>cui</strong></span> <span class='ocrx_word' id='word_1_203' title='bbox 583 3174 650 3217; x_wconf 94' lang='lat' dir='ltr'><strong>non</strong></span> <span class='ocrx_word' id='word_1_204' title='bbox 671 3150 841 3217; x_wconf 87' lang='lat' dir='ltr'><strong>Heliconia</strong></span> <span class='ocrx_word' id='word_1_205' title='bbox 863 3152 950 3218; x_wconf 85' lang='lat' dir='ltr'><strong>cordi</strong></span> 
     </span>
     <span class='ocr_line' id='line_1_32' title="bbox 222 3240 1046 3328; baseline -0.001 -20"><span class='ocrx_word' id='word_1_206' title='bbox 222 3246 310 3308; x_wconf 91' lang='lat' dir='ltr'><strong>serta</strong></span> <span class='ocrx_word' id='word_1_207' title='bbox 331 3263 391 3306; x_wconf 90' lang='lat' dir='ltr'><strong>nec</strong></span> <span class='ocrx_word' id='word_1_208' title='bbox 414 3240 563 3306; x_wconf 89' lang='lat' dir='ltr'><strong>imbelles</strong></span> <span class='ocrx_word' id='word_1_209' title='bbox 584 3241 717 3306; x_wconf 87' lang='lat' dir='ltr'><strong>Parnasi</strong></span> <span class='ocrx_word' id='word_1_210' title='bbox 741 3241 900 3306; x_wconf 84' lang='lat' dir='ltr'><strong>avertice</strong></span> <span class='ocrx_word' id='word_1_211' title='bbox 923 3241 1046 3328; x_wconf 85' lang='lat' dir='ltr'><strong>laurus,</strong></span> 
     </span>
    </p>
   </div>
   <div class='ocr_carea' id='block_1_5' title="bbox 221 3416 1234 3763">
    <p class='ocr_par' dir='ltr' id='par_1_20' title="bbox 221 3416 1234 3763">
     <span class='ocr_line' id='line_1_33' title="bbox 294 3416 1234 3500; baseline 0.001 -29"><span class='ocrx_word' id='word_1_212' title='bbox 294 3423 326 3471; x_wconf 73' lang='grc'><strong>17</strong></span> <span class='ocrx_word' id='word_1_213' title='bbox 346 3416 559 3500; x_wconf 54' lang='grc' dir='ltr'><strong>1121022126ςί</strong></span> <span class='ocrx_word' id='word_1_214' title='bbox 587 3432 743 3487; x_wconf 87' lang='lat' dir='ltr'><strong>amenaque</strong></span> <span class='ocrx_word' id='word_1_215' title='bbox 833 3422 867 3471; x_wconf 78' lang='lat'><strong>18</strong></span> <span class='ocrx_word' id='word_1_216' title='bbox 886 3434 959 3487; x_wconf 87' lang='lat' dir='ltr'><strong>quae</strong></span> <span class='ocrx_word' id='word_1_217' title='bbox 976 3435 1055 3500; x_wconf 82' lang='lat' dir='ltr'><strong>nam.</strong></span> <span class='ocrx_word' id='word_1_218' title='bbox 1084 3433 1156 3487; x_wconf 89' lang='lat' dir='ltr'><strong>quae</strong></span> <span class='ocrx_word' id='word_1_219' title='bbox 1174 3416 1234 3472; x_wconf 90' lang='lat' dir='ltr'><strong>iam</strong></span> 
     </span>
     <span class='ocr_line' id='line_1_34' title="bbox 224 3487 1233 3572; baseline -0.001 -28"><span class='ocrx_word' id='word_1_220' title='bbox 224 3489 286 3544; x_wconf 82' lang='lat' dir='ltr'><strong>Otto</strong></span> <span class='ocrx_word' id='word_1_221' title='bbox 391 3487 452 3542; x_wconf 91' lang='grc'><strong>22</strong></span> <span class='ocrx_word' id='word_1_222' title='bbox 443 3487 636 3557; x_wconf 73' lang='lat' dir='ltr'><strong>ingeniines:</strong></span> <span class='ocrx_word' id='word_1_223' title='bbox 654 3487 798 3572; x_wconf 76' lang='lat' dir='ltr'><strong>ingeniive</strong></span> <span class='ocrx_word' id='word_1_224' title='bbox 906 3494 940 3543; x_wconf 80' lang='grc'><strong>26</strong></span> <span class='ocrx_word' id='word_1_225' title='bbox 959 3487 1233 3570; x_wconf 80' lang='lat' dir='ltr'><strong>geminasgeminas</strong></span> 
     </span>
     <span class='ocr_line' id='line_1_35' title="bbox 221 3558 1231 3644; baseline 0.001 -31"><span class='ocrx_word' id='word_1_226' title='bbox 221 3561 348 3629; x_wconf 73' lang='lat' dir='ltr'><strong>(atteram</strong></span> <span class='ocrx_word' id='word_1_227' title='bbox 365 3576 425 3630; x_wconf 74' lang='lat' dir='ltr'><strong>cap.</strong></span> <span class='ocrx_word' id='word_1_228' title='bbox 444 3560 485 3613; x_wconf 77' lang='lat'><strong>1¹</strong></span> <span class='ocrx_word' id='word_1_229' title='bbox 585 3558 698 3615; x_wconf 84' lang='lat' dir='ltr'><strong>cirumit</strong></span> <span class='ocrx_word' id='word_1_230' title='bbox 781 3566 814 3614; x_wconf 79' lang='grc'><strong>27</strong></span> <span class='ocrx_word' id='word_1_231' title='bbox 833 3559 940 3629; x_wconf 81' lang='lat' dir='ltr'><strong>fraglat</strong></span> <span class='ocrx_word' id='word_1_232' title='bbox 1038 3565 1072 3614; x_wconf 81' lang='lat'><strong>30</strong></span> <span class='ocrx_word' id='word_1_233' title='bbox 1091 3559 1231 3644; x_wconf 63' lang='lat' dir='ltr'><strong>operite·</strong></span> 
     </span>
     <span class='ocr_line' id='line_1_36' title="bbox 223 3630 1160 3701; baseline 0.003 -19"><span class='ocrx_word' id='word_1_234' title='bbox 223 3630 317 3699; x_wconf 86' lang='lat' dir='ltr'><strong>aperit</strong></span> <span class='ocrx_word' id='word_1_235' title='bbox 406 3636 439 3685; x_wconf 79' lang='grc'><strong>82</strong></span> <span class='ocrx_word' id='word_1_236' title='bbox 496 3631 622 3701; x_wconf 72' lang='lat' dir='ltr'><strong>pheor:¹</strong></span> <span class='ocrx_word' id='word_1_237' title='bbox 636 3631 670 3684; x_wconf 86' lang='lat' dir='ltr'><strong>Al</strong></span> <span class='ocrx_word' id='word_1_238' title='bbox 690 3631 760 3685; x_wconf 92' lang='lat' dir='ltr'><strong>heos</strong></span> <span class='ocrx_word' id='word_1_239' title='bbox 850 3637 884 3685; x_wconf 82' lang='grc'><strong>36</strong></span> <span class='ocrx_word' id='word_1_240' title='bbox 902 3630 1052 3701; x_wconf 73' lang='lat' dir='ltr'><strong>positiss:</strong></span> <span class='ocrx_word' id='word_1_241' title='bbox 1070 3631 1160 3701; x_wconf 88' lang='lat' dir='ltr'><strong>postis</strong></span> 
     </span>
     <span class='ocr_line' id='line_1_37' title="bbox 221 3649 1137 3763; baseline 0.002 -8"><span class='ocrx_word' id='word_1_242' title='bbox 221 3706 256 3755; x_wconf 85' lang='grc'><strong>37</strong></span> <span class='ocrx_word' id='word_1_243' title='bbox 275 3700 380 3757; x_wconf 86' lang='lat' dir='ltr'><strong>tacitae</strong></span> <span class='ocrx_word' id='word_1_244' title='bbox 452 3708 486 3756; x_wconf 80' lang='lat'><strong>38</strong></span> <span class='ocrx_word' id='word_1_245' title='bbox 506 3702 624 3759; x_wconf 82' lang='lat' dir='ltr'><strong>solidor.</strong></span> <span class='ocrx_word' id='word_1_246' title='bbox 643 3649 777 3763; x_wconf 64' lang='lat' dir='ltr'><strong>aolitcsr</strong></span> <span class='ocrx_word' id='word_1_247' title='bbox 850 3702 1038 3762; x_wconf 69' lang='lat' dir='ltr'><strong>adhabere:</strong></span> <span class='ocrx_word' id='word_1_248' title='bbox 1057 3701 1137 3757; x_wconf 90' lang='lat' dir='ltr'><strong>labet</strong></span> 
     </span>
    </p>
   </div>
   <div class='ocr_carea' id='block_1_6' title="bbox 0 0 1468 4192">
    <p class='ocr_par' dir='ltr' id='par_1_21' title="bbox 0 0 1468 4192">
     <span class='ocr_line' id='line_1_38' title="bbox 0 0 1468 4192; baseline 0 0"><span class='ocrx_word' id='word_1_249' title='bbox 0 0 1468 4192; x_wconf 95' lang='lat' dir='ltr'><strong> </strong></span> 
     </span>
    </p>
   </div>
  </div>
 </body>
</html>
