<?xml version="1.0" encoding="UTF-8"?>
<!DOCTYPE html PUBLIC "-//W3C//DTD XHTML 1.0 Transitional//EN"
    "http://www.w3.org/TR/xhtml1/DTD/xhtml1-transitional.dtd">
<html xmlns="http://www.w3.org/1999/xhtml" xml:lang="en" lang="en">
 <head>
  <title>
</title>
<meta http-equiv="Content-Type" content="text/html;charset=utf-8" />
  <meta name='ocr-system' content='tesseract 3.04.00' />
  <meta name='ocr-capabilities' content='ocr_page ocr_carea ocr_par ocr_line ocrx_word'/>
</head>
<body>
  <div class='ocr_page' id='page_1' title='image "./opera00statgoog_0014.png"; bbox 0 0 2925 4192; ppageno 0'>
   <div class='ocr_carea' id='block_1_1' title="bbox 634 362 1245 417">
    <p class='ocr_par' dir='ltr' id='par_1_1' title="bbox 634 362 1245 417">
     <span class='ocr_line' id='line_1_1' title="bbox 634 362 1245 417; baseline -0.002 0"><span class='ocrx_word' id='word_1_1' title='bbox 634 362 840 417; x_wconf 82' lang='lat' dir='ltr'><strong>PRAEFATIO</strong></span> <span class='ocrx_word' id='word_1_2' title='bbox 1205 363 1245 416; x_wconf 91' lang='lat' dir='ltr'><strong>XI</strong></span> 
     </span>
    </p>
   </div>
   <div class='ocr_carea' id='block_1_2' title="bbox 226 493 1247 948">
    <p class='ocr_par' dir='ltr' id='par_1_2' title="bbox 226 493 1247 948">
     <span class='ocr_line' id='line_1_2' title="bbox 227 493 1247 591; baseline 0.001 -19"><span class='ocrx_word' id='word_1_3' title='bbox 227 513 406 591; x_wconf 82' lang='lat' dir='ltr'><strong>primeudas,</strong></span> <span class='ocrx_word' id='word_1_4' title='bbox 452 533 523 574; x_wconf 88' lang='lat' dir='ltr'><strong>nam</strong></span> <span class='ocrx_word' id='word_1_5' title='bbox 550 534 617 574; x_wconf 92' lang='lat' dir='ltr'><strong>cum</strong></span> <span class='ocrx_word' id='word_1_6' title='bbox 645 514 804 591; x_wconf 85' lang='lat' dir='ltr'><strong>quinquies</strong></span> <span class='ocrx_word' id='word_1_7' title='bbox 831 515 894 573; x_wconf 94' lang='lat' dir='ltr'><strong>sine</strong></span> <span class='ocrx_word' id='word_1_8' title='bbox 921 514 985 572; x_wconf 93' lang='lat' dir='ltr'><strong>ulla</strong></span> <span class='ocrx_word' id='word_1_9' title='bbox 1008 512 1189 573; x_wconf 88' lang='lat' dir='ltr'><strong>obscuritate</strong></span> <span class='ocrx_word' id='word_1_10' title='bbox 1211 493 1247 573; x_wconf 78' lang='lat' dir='ltr'>N</span> 
     </span>
     <span class='ocr_line' id='line_1_3' title="bbox 227 602 1244 682; baseline -0.002 -19"><span class='ocrx_word' id='word_1_11' title='bbox 227 603 375 680; x_wconf 86' lang='lat' dir='ltr'><strong>scriptum</strong></span> <span class='ocrx_word' id='word_1_12' title='bbox 398 603 438 661; x_wconf 89' lang='lat' dir='ltr'><strong>sit</strong></span> <span class='ocrx_word' id='word_1_13' title='bbox 461 624 484 664; x_wconf 91' lang='lat' dir='ltr'><strong>e.</strong></span> <span class='ocrx_word' id='word_1_14' title='bbox 504 624 532 682; x_wconf 82' lang='lat' dir='ltr'><strong>g.</strong></span> <span class='ocrx_word' id='word_1_15' title='bbox 551 604 567 662; x_wconf 95' lang='lat' dir='ltr'>I</span> <span class='ocrx_word' id='word_1_16' title='bbox 578 605 677 678; x_wconf 71' lang='lat' dir='ltr'><strong>praefi</strong></span> <span class='ocrx_word' id='word_1_17' title='bbox 694 605 744 663; x_wconf 87' lang='lat'><strong>18.</strong></span> <span class='ocrx_word' id='word_1_18' title='bbox 765 606 815 662; x_wconf 99' lang='grc'><strong>21.</strong></span> <span class='ocrx_word' id='word_1_19' title='bbox 836 606 886 680; x_wconf 80' lang='grc'>29,</span> <span class='ocrx_word' id='word_1_20' title='bbox 910 603 1002 662; x_wconf 91' lang='lat' dir='ltr'><strong>octies</strong></span> <span class='ocrx_word' id='word_1_21' title='bbox 1026 604 1099 663; x_wconf 93' lang='lat' dir='ltr'><strong>adeo</strong></span> <span class='ocrx_word' id='word_1_22' title='bbox 1122 602 1244 662; x_wconf 88' lang='lat' dir='ltr'><strong>difficile</strong></span> 
     </span>
     <span class='ocr_line' id='line_1_4' title="bbox 229 692 1244 770; baseline -0.001 -18"><span class='ocrx_word' id='word_1_23' title='bbox 229 694 277 753; x_wconf 90' lang='lat' dir='ltr'><strong>est</strong></span> <span class='ocrx_word' id='word_1_24' title='bbox 295 693 418 770; x_wconf 85' lang='lat' dir='ltr'><strong>cognitu</strong></span> <span class='ocrx_word' id='word_1_25' title='bbox 436 692 652 769; x_wconf 75' lang='lat' dir='ltr'>compendium,</span> <span class='ocrx_word' id='word_1_26' title='bbox 670 695 705 751; x_wconf 91' lang='lat' dir='ltr'><strong>ut</strong></span> <span class='ocrx_word' id='word_1_27' title='bbox 724 692 832 752; x_wconf 85' lang='lat' dir='ltr'><strong>Souter</strong></span> <span class='ocrx_word' id='word_1_28' title='bbox 842 711 1067 769; x_wconf 81' lang='lat' dir='ltr'><strong>nonnumquam</strong></span> <span class='ocrx_word' id='word_1_29' title='bbox 1080 696 1103 750; x_wconf 85' lang='grc'><strong>11</strong></span> <span class='ocrx_word' id='word_1_30' title='bbox 1115 693 1244 751; x_wconf 89' lang='lat' dir='ltr'><strong>testatus</strong></span> 
     </span>
     <span class='ocr_line' id='line_1_5' title="bbox 228 780 1242 858; baseline -0.003 -17"><span class='ocrx_word' id='word_1_31' title='bbox 228 782 270 841; x_wconf 92' lang='lat' dir='ltr'><strong>sit</strong></span> <span class='ocrx_word' id='word_1_32' title='bbox 299 800 353 857; x_wconf 91' lang='lat' dir='ltr'><strong>pro</strong></span> <span class='ocrx_word' id='word_1_33' title='bbox 382 786 422 840; x_wconf 79' lang='lat' dir='ltr'><strong>at.</strong></span> <span class='ocrx_word' id='word_1_34' title='bbox 468 782 629 858; x_wconf 85' lang='lat' dir='ltr'><strong>exemplari</strong></span> <span class='ocrx_word' id='word_1_35' title='bbox 659 782 750 841; x_wconf 89' lang='lat' dir='ltr'><strong>etiam</strong></span> <span class='ocrx_word' id='word_1_36' title='bbox 781 782 838 840; x_wconf 94' lang='lat' dir='ltr'><strong>hoc</strong></span> <span class='ocrx_word' id='word_1_37' title='bbox 869 781 969 841; x_wconf 86' lang='lat' dir='ltr'><strong>deberi</strong></span> <span class='ocrx_word' id='word_1_38' title='bbox 996 781 1122 840; x_wconf 85' lang='lat' dir='ltr'><strong>videtur.</strong></span> <span class='ocrx_word' id='word_1_39' title='bbox 1167 780 1242 838; x_wconf 90' lang='lat' dir='ltr'><strong>adde</strong></span> 
     </span>
     <span class='ocr_line' id='line_1_6' title="bbox 226 869 1244 948; baseline -0.001 -20"><span class='ocrx_word' id='word_1_40' title='bbox 226 870 310 947; x_wconf 92' lang='lat' dir='ltr'><strong>quod</strong></span> <span class='ocrx_word' id='word_1_41' title='bbox 332 870 375 928; x_wconf 90' lang='lat' dir='ltr'><strong>IV</strong></span> <span class='ocrx_word' id='word_1_42' title='bbox 391 872 419 948; x_wconf 85' lang='lat'><strong>8,</strong></span> <span class='ocrx_word' id='word_1_43' title='bbox 434 873 475 930; x_wconf 87' lang='grc'><strong>46</strong></span> <span class='ocrx_word' id='word_1_44' title='bbox 504 889 570 930; x_wconf 68' lang='lat' dir='ltr'><strong>aa·</strong></span> <span class='ocrx_word' id='word_1_45' title='bbox 603 871 738 930; x_wconf 81' lang='lat' dir='ltr'><strong>exaravit</strong></span> <span class='ocrx_word' id='word_1_46' title='bbox 764 871 904 929; x_wconf 90' lang='lat' dir='ltr'><strong>librarius</strong></span> <span class='ocrx_word' id='word_1_47' title='bbox 931 889 986 946; x_wconf 92' lang='lat' dir='ltr'><strong>pro</strong></span> <span class='ocrx_word' id='word_1_48' title='bbox 1010 875 1076 946; x_wconf 69' lang='grc'><strong>61,</strong></span> <span class='ocrx_word' id='word_1_49' title='bbox 1104 869 1137 928; x_wconf 91' lang='lat' dir='ltr'><strong>id</strong></span> <span class='ocrx_word' id='word_1_50' title='bbox 1164 870 1244 945; x_wconf 93' lang='lat' dir='ltr'><strong>quod</strong></span> 
     </span>
    </p>
   </div>
   <div class='ocr_carea' id='block_1_3' title="bbox 222 955 1243 2750">
    <p class='ocr_par' dir='ltr' id='par_1_3' title="bbox 225 955 1242 1141">
     <span class='ocr_line' id='line_1_7' title="bbox 226 955 1242 1056; baseline 0 -20"><span class='ocrx_word' id='word_1_51' title='bbox 226 977 341 1054; x_wconf 87' lang='lat' dir='ltr'><strong>optime</strong></span> <span class='ocrx_word' id='word_1_52' title='bbox 360 976 527 1052; x_wconf 77' lang='lat' dir='ltr'><strong>explicatur</strong></span> <span class='ocrx_word' id='word_1_53' title='bbox 545 977 570 1036; x_wconf 93' lang='lat' dir='ltr'><strong>si</strong></span> <span class='ocrx_word' id='word_1_54' title='bbox 587 977 737 1056; x_wconf 84' lang='lat' dir='ltr'><strong>ligaturae</strong></span> <span class='ocrx_word' id='word_1_55' title='bbox 756 955 917 1036; x_wconf 78' lang='lat' dir='ltr'><strong>Nlineam</strong></span> <span class='ocrx_word' id='word_1_56' title='bbox 933 976 1149 1036; x_wconf 86' lang='lat' dir='ltr'><strong>horizontalem</strong></span> <span class='ocrx_word' id='word_1_57' title='bbox 1167 996 1242 1053; x_wconf 92' lang='lat' dir='ltr'><strong>pau-</strong></span> 
     </span>
     <span class='ocr_line' id='line_1_8' title="bbox 225 1064 1012 1141; baseline -0.004 -15"><span class='ocrx_word' id='word_1_58' title='bbox 225 1067 293 1126; x_wconf 94' lang='lat' dir='ltr'><strong>lum</strong></span> <span class='ocrx_word' id='word_1_59' title='bbox 315 1065 354 1125; x_wconf 90' lang='lat' dir='ltr'><strong>ad</strong></span> <span class='ocrx_word' id='word_1_60' title='bbox 376 1065 528 1126; x_wconf 85' lang='lat' dir='ltr'><strong>dexteram</strong></span> <span class='ocrx_word' id='word_1_61' title='bbox 551 1065 731 1125; x_wconf 89' lang='lat' dir='ltr'><strong>declinatam</strong></span> <span class='ocrx_word' id='word_1_62' title='bbox 752 1065 844 1124; x_wconf 89' lang='lat' dir='ltr'><strong>fuisse</strong></span> <span class='ocrx_word' id='word_1_63' title='bbox 866 1064 1012 1141; x_wconf 91' lang='lat' dir='ltr'><strong>ponimus.</strong></span> 
     </span>
    </p>

    <p class='ocr_par' dir='ltr' id='par_1_4' title="bbox 222 1152 1243 2750">
     <span class='ocr_line' id='line_1_9' title="bbox 294 1152 1242 1230; baseline 0.001 -17"><span class='ocrx_word' id='word_1_64' title='bbox 294 1155 422 1214; x_wconf 84' lang='lat' dir='ltr'><strong>maxime</strong></span> <span class='ocrx_word' id='word_1_65' title='bbox 441 1156 495 1215; x_wconf 90' lang='lat' dir='ltr'><strong>sub</strong></span> <span class='ocrx_word' id='word_1_66' title='bbox 511 1155 600 1214; x_wconf 86' lang='lat' dir='ltr'><strong>finem</strong></span> <span class='ocrx_word' id='word_1_67' title='bbox 618 1154 688 1213; x_wconf 90' lang='lat' dir='ltr'><strong>libri</strong></span> <span class='ocrx_word' id='word_1_68' title='bbox 706 1155 826 1214; x_wconf 75' lang='lat' dir='ltr'><strong>litterae</strong></span> <span class='ocrx_word' id='word_1_69' title='bbox 846 1171 873 1213; x_wconf 82' lang='lat' dir='ltr'><strong>·a</strong></span> <span class='ocrx_word' id='word_1_70' title='bbox 891 1156 922 1212; x_wconf 94' lang='lat' dir='ltr'><strong>et</strong></span> <span class='ocrx_word' id='word_1_71' title='bbox 939 1173 982 1212; x_wconf 80' lang='grc'><strong>-61</strong></span> <span class='ocrx_word' id='word_1_72' title='bbox 999 1152 1103 1213; x_wconf 88' lang='lat' dir='ltr'><strong>finales</strong></span> <span class='ocrx_word' id='word_1_73' title='bbox 1122 1153 1242 1230; x_wconf 88' lang='lat' dir='ltr'><strong>saepius</strong></span> 
     </span>
     <span class='ocr_line' id='line_1_10' title="bbox 225 1241 1243 1320; baseline 0.001 -19"><span class='ocrx_word' id='word_1_74' title='bbox 225 1243 307 1302; x_wconf 89' lang='lat' dir='ltr'><strong>inter</strong></span> <span class='ocrx_word' id='word_1_75' title='bbox 325 1263 355 1303; x_wconf 91' lang='lat' dir='ltr'><strong>se</strong></span> <span class='ocrx_word' id='word_1_76' title='bbox 374 1246 608 1304; x_wconf 80' lang='lat' dir='ltr'><strong>commutantur:</strong></span> <span class='ocrx_word' id='word_1_77' title='bbox 626 1245 659 1302; x_wconf 92' lang='lat' dir='ltr'><strong>in</strong></span> <span class='ocrx_word' id='word_1_78' title='bbox 673 1243 836 1320; x_wconf 86' lang='lat' dir='ltr'><strong>exemplari</strong></span> <span class='ocrx_word' id='word_1_79' title='bbox 848 1241 943 1320; x_wconf 76' lang='lat' dir='ltr'><strong>igitur</strong></span> <span class='ocrx_word' id='word_1_80' title='bbox 960 1242 1052 1303; x_wconf 88' lang='lat' dir='ltr'><strong>simili</strong></span> <span class='ocrx_word' id='word_1_81' title='bbox 1066 1244 1139 1302; x_wconf 90' lang='lat' dir='ltr'><strong>nota</strong></span> <span class='ocrx_word' id='word_1_82' title='bbox 1152 1261 1243 1318; x_wconf 89' lang='lat' dir='ltr'><strong>supra</strong></span> 
     </span>
     <span class='ocr_line' id='line_1_11' title="bbox 225 1332 1241 1410; baseline -0.002 -19"><span class='ocrx_word' id='word_1_83' title='bbox 225 1333 339 1392; x_wconf 90' lang='lat' dir='ltr'><strong>lineam</strong></span> <span class='ocrx_word' id='word_1_84' title='bbox 352 1333 452 1410; x_wconf 90' lang='lat' dir='ltr'><strong>posita</strong></span> <span class='ocrx_word' id='word_1_85' title='bbox 466 1351 620 1409; x_wconf 84' lang='lat' dir='ltr'><strong>expressae</strong></span> <span class='ocrx_word' id='word_1_86' title='bbox 638 1333 730 1392; x_wconf 88' lang='lat' dir='ltr'><strong>fuisse</strong></span> <span class='ocrx_word' id='word_1_87' title='bbox 749 1332 897 1392; x_wconf 84' lang='lat' dir='ltr'><strong>videntur.</strong></span> <span class='ocrx_word' id='word_1_88' title='bbox 929 1333 1003 1391; x_wconf 88' lang='lat' dir='ltr'><strong>item</strong></span> <span class='ocrx_word' id='word_1_89' title='bbox 1016 1332 1149 1392; x_wconf 82' lang='lat' dir='ltr'><strong>confusio</strong></span> <span class='ocrx_word' id='word_1_90' title='bbox 1164 1349 1241 1407; x_wconf 92' lang='lat' dir='ltr'><strong>quae</strong></span> 
     </span>
     <span class='ocr_line' id='line_1_12' title="bbox 229 1421 1242 1498; baseline -0.002 -18"><span class='ocrx_word' id='word_1_91' title='bbox 229 1424 277 1481; x_wconf 90' lang='lat' dir='ltr'><strong>est</strong></span> <span class='ocrx_word' id='word_1_92' title='bbox 299 1423 379 1481; x_wconf 92' lang='lat' dir='ltr'><strong>inter</strong></span> <span class='ocrx_word' id='word_1_93' title='bbox 396 1422 527 1498; x_wconf 82' lang='lat' dir='ltr'><strong>syllabas</strong></span> <span class='ocrx_word' id='word_1_94' title='bbox 551 1440 600 1481; x_wconf 80' lang='lat' dir='ltr'><strong>-os</strong></span> <span class='ocrx_word' id='word_1_95' title='bbox 623 1424 653 1481; x_wconf 90' lang='lat' dir='ltr'><strong>ct</strong></span> <span class='ocrx_word' id='word_1_96' title='bbox 671 1424 710 1481; x_wconf 83' lang='lat' dir='ltr'><strong>-e&#39;s</strong></span> <span class='ocrx_word' id='word_1_97' title='bbox 733 1442 769 1480; x_wconf 83' lang='lat' dir='ltr'><strong>ex</strong></span> <span class='ocrx_word' id='word_1_98' title='bbox 786 1421 919 1498; x_wconf 81' lang='lat' dir='ltr'><strong>ligatura</strong></span> <span class='ocrx_word' id='word_1_99' title='bbox 938 1421 1093 1497; x_wconf 81' lang='lat' dir='ltr'><strong>archetypi</strong></span> <span class='ocrx_word' id='word_1_100' title='bbox 1112 1421 1242 1496; x_wconf 89' lang='lat' dir='ltr'><strong>quadam</strong></span> 
     </span>
     <span class='ocr_line' id='line_1_13' title="bbox 226 1509 1242 1588; baseline -0.002 -18"><span class='ocrx_word' id='word_1_101' title='bbox 226 1511 407 1587; x_wconf 79' lang='lat' dir='ltr'><strong>explicatur,</strong></span> <span class='ocrx_word' id='word_1_102' title='bbox 433 1511 529 1588; x_wconf 89' lang='lat' dir='ltr'><strong>qualis</strong></span> <span class='ocrx_word' id='word_1_103' title='bbox 553 1511 664 1588; x_wconf 78' lang='lat' dir='ltr'><strong>legitur</strong></span> <span class='ocrx_word' id='word_1_104' title='bbox 686 1530 710 1570; x_wconf 89' lang='grc'><strong>6.</strong></span> <span class='ocrx_word' id='word_1_105' title='bbox 730 1531 759 1588; x_wconf 81' lang='lat' dir='ltr'><strong>g.</strong></span> <span class='ocrx_word' id='word_1_106' title='bbox 782 1510 814 1569; x_wconf 91' lang='lat' dir='ltr'><strong>in</strong></span> <span class='ocrx_word' id='word_1_107' title='bbox 842 1509 941 1569; x_wconf 91' lang='lat' dir='ltr'><strong>codice</strong></span> <span class='ocrx_word' id='word_1_108' title='bbox 964 1509 1135 1570; x_wconf 84' lang='lat' dir='ltr'><strong>Monacensi</strong></span> <span class='ocrx_word' id='word_1_109' title='bbox 1158 1509 1242 1568; x_wconf 92' lang='lat' dir='ltr'><strong>scho-</strong></span> 
     </span>
     <span class='ocr_line' id='line_1_14' title="bbox 225 1591 1242 1682; baseline -0.001 -24"><span class='ocrx_word' id='word_1_110' title='bbox 225 1600 338 1659; x_wconf 90' lang='lat' dir='ltr'><strong>liorum</strong></span> <span class='ocrx_word' id='word_1_111' title='bbox 357 1599 562 1660; x_wconf 83' lang='lat' dir='ltr'><strong>Statianorum</strong></span> <span class='ocrx_word' id='word_1_112' title='bbox 585 1591 664 1682; x_wconf 91' lang='lat' dir='ltr'><strong>(cod.</strong></span> <span class='ocrx_word' id='word_1_113' title='bbox 682 1599 798 1659; x_wconf 86' lang='lat' dir='ltr'><strong>Monac.</strong></span> <span class='ocrx_word' id='word_1_114' title='bbox 816 1597 883 1657; x_wconf 88' lang='lat' dir='ltr'><strong>Lat.</strong></span> <span class='ocrx_word' id='word_1_115' title='bbox 904 1591 1036 1680; x_wconf 84' lang='grc'>19482),</span> <span class='ocrx_word' id='word_1_116' title='bbox 1058 1598 1110 1657; x_wconf 93' lang='lat' dir='ltr'><strong>ubi</strong></span> <span class='ocrx_word' id='word_1_117' title='bbox 1133 1616 1182 1657; x_wconf 78' lang='lat' dir='ltr'><strong>-us</strong></span> <span class='ocrx_word' id='word_1_118' title='bbox 1200 1598 1242 1658; x_wconf 90' lang='lat' dir='ltr'><strong>sic</strong></span> 
     </span>
     <span class='ocr_line' id='line_1_15' title="bbox 225 1681 1242 1765; baseline -0.001 -19"><span class='ocrx_word' id='word_1_119' title='bbox 225 1689 288 1748; x_wconf 86' lang='lat' dir='ltr'><strong>fere</strong></span> <span class='ocrx_word' id='word_1_120' title='bbox 319 1689 470 1748; x_wconf 87' lang='lat' dir='ltr'><strong>scribitur:</strong></span> <span class='ocrx_word' id='word_1_121' title='bbox 493 1681 522 1747; x_wconf 77' lang='grc'><strong>1.</strong></span> <span class='ocrx_word' id='word_1_122' title='bbox 569 1688 604 1748; x_wconf 88' lang='lat' dir='ltr'><strong>de</strong></span> <span class='ocrx_word' id='word_1_123' title='bbox 632 1688 786 1749; x_wconf 84' lang='lat' dir='ltr'><strong>vocabulis</strong></span> <span class='ocrx_word' id='word_1_124' title='bbox 818 1687 850 1745; x_wconf 89' lang='lat' dir='ltr'><strong>in</strong></span> <span class='ocrx_word' id='word_1_125' title='bbox 876 1687 1114 1763; x_wconf 87' lang='lat' dir='ltr'><strong>praefationibus</strong></span> <span class='ocrx_word' id='word_1_126' title='bbox 1141 1687 1242 1765; x_wconf 80' lang='lat' dir='ltr'><strong>singu-</strong></span> 
     </span>
     <span class='ocr_line' id='line_1_16' title="bbox 226 1776 1242 1854; baseline -0.001 -19"><span class='ocrx_word' id='word_1_127' title='bbox 226 1777 326 1836; x_wconf 88' lang='lat' dir='ltr'><strong>lorum</strong></span> <span class='ocrx_word' id='word_1_128' title='bbox 348 1778 493 1837; x_wconf 90' lang='lat' dir='ltr'><strong>librorum</strong></span> <span class='ocrx_word' id='word_1_129' title='bbox 520 1796 676 1854; x_wconf 90' lang='lat' dir='ltr'><strong>perperam</strong></span> <span class='ocrx_word' id='word_1_130' title='bbox 699 1777 848 1836; x_wconf 86' lang='lat' dir='ltr'><strong>distinctis</strong></span> <span class='ocrx_word' id='word_1_131' title='bbox 874 1779 980 1852; x_wconf 88' lang='lat' dir='ltr'><strong>postea</strong></span> <span class='ocrx_word' id='word_1_132' title='bbox 1006 1776 1098 1836; x_wconf 87' lang='lat' dir='ltr'><strong>verba</strong></span> <span class='ocrx_word' id='word_1_133' title='bbox 1123 1776 1242 1852; x_wconf 88' lang='lat' dir='ltr'><strong>faciam,</strong></span> 
     </span>
     <span class='ocr_line' id='line_1_17' title="bbox 225 1865 1242 1944; baseline -0.004 -18"><span class='ocrx_word' id='word_1_134' title='bbox 225 1865 279 1926; x_wconf 84' lang='lat' dir='ltr'><strong>sed</strong></span> <span class='ocrx_word' id='word_1_135' title='bbox 297 1887 334 1926; x_wconf 92' lang='lat' dir='ltr'><strong>ne</strong></span> <span class='ocrx_word' id='word_1_136' title='bbox 353 1867 417 1926; x_wconf 91' lang='lat' dir='ltr'><strong>sine</strong></span> <span class='ocrx_word' id='word_1_137' title='bbox 435 1885 526 1926; x_wconf 86' lang='lat' dir='ltr'><strong>causa</strong></span> <span class='ocrx_word' id='word_1_138' title='bbox 544 1866 700 1925; x_wconf 88' lang='lat' dir='ltr'><strong>librarium</strong></span> <span class='ocrx_word' id='word_1_139' title='bbox 718 1865 925 1943; x_wconf 80' lang='lat' dir='ltr'><strong>neglegentiae</strong></span> <span class='ocrx_word' id='word_1_140' title='bbox 944 1865 1112 1944; x_wconf 82' lang='lat' dir='ltr'><strong>coarguisse</strong></span> <span class='ocrx_word' id='word_1_141' title='bbox 1131 1865 1242 1939; x_wconf 87' lang='lat' dir='ltr'><strong>videar,</strong></span> 
     </span>
     <span class='ocr_line' id='line_1_18' title="bbox 225 1953 1242 2031; baseline -0.004 -17"><span class='ocrx_word' id='word_1_142' title='bbox 225 1975 303 2031; x_wconf 89' lang='lat' dir='ltr'><strong>quae</strong></span> <span class='ocrx_word' id='word_1_143' title='bbox 330 1956 362 2014; x_wconf 90' lang='lat' dir='ltr'><strong>in</strong></span> <span class='ocrx_word' id='word_1_144' title='bbox 389 1955 497 2016; x_wconf 88' lang='lat' dir='ltr'><strong>ultimo</strong></span> <span class='ocrx_word' id='word_1_145' title='bbox 524 1955 601 2014; x_wconf 87' lang='lat' dir='ltr'><strong>libro</strong></span> <span class='ocrx_word' id='word_1_146' title='bbox 628 1954 777 2031; x_wconf 80' lang='lat' dir='ltr'><strong>peccavit,</strong></span> <span class='ocrx_word' id='word_1_147' title='bbox 804 1955 923 2030; x_wconf 87' lang='lat' dir='ltr'><strong>profero</strong></span> <span class='ocrx_word' id='word_1_148' title='bbox 951 1972 1023 2014; x_wconf 83' lang='lat' dir='ltr'><strong>vera</strong></span> <span class='ocrx_word' id='word_1_149' title='bbox 1051 1953 1178 2013; x_wconf 89' lang='lat' dir='ltr'><strong>lectione</strong></span> <span class='ocrx_word' id='word_1_150' title='bbox 1209 1954 1242 2010; x_wconf 93' lang='lat' dir='ltr'><strong>in</strong></span> 
     </span>
     <span class='ocr_line' id='line_1_19' title="bbox 224 2033 1240 2125; baseline -0.004 -23"><span class='ocrx_word' id='word_1_151' title='bbox 224 2045 399 2120; x_wconf 87' lang='lat' dir='ltr'><strong>parenthesi</strong></span> <span class='ocrx_word' id='word_1_152' title='bbox 412 2045 528 2103; x_wconf 85' lang='lat' dir='ltr'><strong>addita:</strong></span> <span class='ocrx_word' id='word_1_153' title='bbox 547 2043 646 2119; x_wconf 78' lang='lat' dir='ltr'>V1,4</span> <span class='ocrx_word' id='word_1_154' title='bbox 666 2045 799 2102; x_wconf 89' lang='lat' dir='ltr'><strong>moretur</strong></span> <span class='ocrx_word' id='word_1_155' title='bbox 813 2033 981 2125; x_wconf 87' lang='lat' dir='ltr'><strong>(meretur).</strong></span> <span class='ocrx_word' id='word_1_156' title='bbox 1007 2043 1047 2100; x_wconf 83' lang='lat'><strong>15</strong></span> <span class='ocrx_word' id='word_1_157' title='bbox 1062 2044 1117 2100; x_wconf 88' lang='lat' dir='ltr'><strong>aut</strong></span> <span class='ocrx_word' id='word_1_158' title='bbox 1128 2034 1218 2123; x_wconf 92' lang='lat' dir='ltr'><strong>(haut</strong></span> <span class='ocrx_word' id='word_1_159' title='bbox 1234 2087 1240 2098; x_wconf 90' lang='lat'><em>.</em></span> 
     </span>
     <span class='ocr_line' id='line_1_20' title="bbox 230 2123 1241 2215; baseline -0.004 -23"><span class='ocrx_word' id='word_1_160' title='bbox 230 2135 272 2192; x_wconf 87' lang='lat'><strong>34</strong></span> <span class='ocrx_word' id='word_1_161' title='bbox 309 2133 462 2193; x_wconf 87' lang='lat' dir='ltr'><strong>cithonida</strong></span> <span class='ocrx_word' id='word_1_162' title='bbox 498 2124 698 2215; x_wconf 80' lang='lat' dir='ltr'><strong>(Tithonida).</strong></span> <span class='ocrx_word' id='word_1_163' title='bbox 753 2133 795 2192; x_wconf 82' lang='lat'><strong>45</strong></span> <span class='ocrx_word' id='word_1_164' title='bbox 827 2133 983 2206; x_wconf 89' lang='lat' dir='ltr'><strong>nuptuqne</strong></span> <span class='ocrx_word' id='word_1_165' title='bbox 1015 2123 1241 2213; x_wconf 90' lang='lat' dir='ltr'><strong>(nuptumque.</strong></span> 
     </span>
     <span class='ocr_line' id='line_1_21' title="bbox 228 2211 1241 2305; baseline -0.003 -25"><span class='ocrx_word' id='word_1_166' title='bbox 228 2223 267 2281; x_wconf 85' lang='lat'><strong>51</strong></span> <span class='ocrx_word' id='word_1_167' title='bbox 292 2223 398 2298; x_wconf 88' lang='lat' dir='ltr'><strong>proavi</strong></span> <span class='ocrx_word' id='word_1_168' title='bbox 430 2213 588 2305; x_wconf 85' lang='lat' dir='ltr'><strong>(proavis).</strong></span> <span class='ocrx_word' id='word_1_169' title='bbox 641 2223 681 2282; x_wconf 89' lang='lat'><strong>93</strong></span> <span class='ocrx_word' id='word_1_170' title='bbox 705 2221 823 2280; x_wconf 88' lang='lat' dir='ltr'><strong>fumosa</strong></span> <span class='ocrx_word' id='word_1_171' title='bbox 855 2211 1008 2301; x_wconf 88' lang='lat' dir='ltr'><strong>(famosa).</strong></span> <span class='ocrx_word' id='word_1_172' title='bbox 1061 2221 1124 2279; x_wconf 92' lang='lat'><strong>100</strong></span> <span class='ocrx_word' id='word_1_173' title='bbox 1146 2219 1241 2278; x_wconf 91' lang='lat' dir='ltr'><strong>librae</strong></span> 
     </span>
     <span class='ocr_line' id='line_1_22' title="bbox 224 2299 1241 2393; baseline -0.002 -25"><span class='ocrx_word' id='word_1_174' title='bbox 224 2303 349 2393; x_wconf 82' lang='lat' dir='ltr'><strong>(Libye3</strong></span> <span class='ocrx_word' id='word_1_175' title='bbox 376 2313 453 2370; x_wconf 79' lang='lat' dir='ltr'><strong>idem</strong></span> <span class='ocrx_word' id='word_1_176' title='bbox 476 2329 557 2370; x_wconf 79' lang='lat' dir='ltr'><strong>error</strong></span> <span class='ocrx_word' id='word_1_177' title='bbox 573 2313 704 2385; x_wconf 82' lang='lat' dir='ltr'><strong>-socpios</strong></span> <span class='ocrx_word' id='word_1_178' title='bbox 731 2300 879 2385; x_wconf 75' lang='lat' dir='ltr'><strong>occurrit).</strong></span> <span class='ocrx_word' id='word_1_179' title='bbox 927 2310 988 2369; x_wconf 93' lang='grc'><strong>106</strong></span> <span class='ocrx_word' id='word_1_180' title='bbox 1013 2309 1097 2368; x_wconf 89' lang='lat' dir='ltr'><strong>velut</strong></span> <span class='ocrx_word' id='word_1_181' title='bbox 1120 2299 1241 2391; x_wconf 87' lang='lat' dir='ltr'><strong>(vehit).</strong></span> 
     </span>
     <span class='ocr_line' id='line_1_23' title="bbox 229 2389 1239 2482; baseline -0.002 -24"><span class='ocrx_word' id='word_1_182' title='bbox 229 2401 292 2459; x_wconf 92' lang='grc'><strong>115</strong></span> <span class='ocrx_word' id='word_1_183' title='bbox 312 2401 395 2460; x_wconf 92' lang='lat' dir='ltr'><strong>cuius</strong></span> <span class='ocrx_word' id='word_1_184' title='bbox 414 2393 477 2482; x_wconf 92' lang='lat' dir='ltr'><strong>(cui</strong></span> <span class='ocrx_word' id='word_1_185' title='bbox 495 2392 565 2482; x_wconf 89' lang='lat' dir='ltr'><strong>ius).</strong></span> <span class='ocrx_word' id='word_1_186' title='bbox 591 2403 652 2459; x_wconf 93' lang='grc'><strong>122</strong></span> <span class='ocrx_word' id='word_1_187' title='bbox 672 2402 774 2459; x_wconf 81' lang='lat' dir='ltr'><strong>movet</strong></span> <span class='ocrx_word' id='word_1_188' title='bbox 792 2389 931 2481; x_wconf 89' lang='lat' dir='ltr'><strong>(monet).</strong></span> <span class='ocrx_word' id='word_1_189' title='bbox 964 2400 1025 2457; x_wconf 92' lang='grc'><strong>126</strong></span> <span class='ocrx_word' id='word_1_190' title='bbox 1045 2396 1239 2480; x_wconf 85' lang='lat' dir='ltr'><strong>redeuntibus</strong></span> 
     </span>
     <span class='ocr_line' id='line_1_24' title="bbox 225 2477 1241 2572; baseline -0.004 -24"><span class='ocrx_word' id='word_1_191' title='bbox 225 2481 416 2572; x_wconf 87' lang='lat' dir='ltr'><strong>(redeuntis).</strong></span> <span class='ocrx_word' id='word_1_192' title='bbox 443 2488 643 2550; x_wconf 83' lang='grc'>1330666611</span> <span class='ocrx_word' id='word_1_193' title='bbox 662 2479 839 2570; x_wconf 81' lang='lat' dir='ltr'><strong>(Caesarei).</strong></span> <span class='ocrx_word' id='word_1_194' title='bbox 864 2489 926 2547; x_wconf 89' lang='lat'><strong>139</strong></span> <span class='ocrx_word' id='word_1_195' title='bbox 946 2487 1066 2547; x_wconf 87' lang='lat' dir='ltr'><strong>notavit</strong></span> <span class='ocrx_word' id='word_1_196' title='bbox 1084 2477 1241 2568; x_wconf 88' lang='lat' dir='ltr'><strong>(notabit).</strong></span> 
     </span>
     <span class='ocr_line' id='line_1_25' title="bbox 228 2567 1240 2660; baseline -0.003 -24"><span class='ocrx_word' id='word_1_197' title='bbox 228 2579 293 2637; x_wconf 88' lang='grc'>180</span> <span class='ocrx_word' id='word_1_198' title='bbox 306 2579 434 2638; x_wconf 85' lang='lat' dir='ltr'><strong>Pectora</strong></span> <span class='ocrx_word' id='word_1_199' title='bbox 457 2569 616 2660; x_wconf 90' lang='lat' dir='ltr'><strong>(pectora).</strong></span> <span class='ocrx_word' id='word_1_200' title='bbox 656 2578 716 2636; x_wconf 88' lang='lat'><strong>181</strong></span> <span class='ocrx_word' id='word_1_201' title='bbox 734 2578 839 2636; x_wconf 90' lang='lat' dir='ltr'><strong>mostis</strong></span> <span class='ocrx_word' id='word_1_202' title='bbox 857 2567 1001 2657; x_wconf 86' lang='lat' dir='ltr'><strong>(mortis).</strong></span> <span class='ocrx_word' id='word_1_203' title='bbox 1038 2576 1240 2636; x_wconf 73' lang='grc'>1971161111-</span> 
     </span>
     <span class='ocr_line' id='line_1_26' title="bbox 222 2657 1240 2750; baseline -0.005 -24"><span class='ocrx_word' id='word_1_204' title='bbox 222 2669 276 2726; x_wconf 88' lang='lat' dir='ltr'><strong>tus</strong></span> <span class='ocrx_word' id='word_1_205' title='bbox 300 2659 506 2750; x_wconf 89' lang='lat' dir='ltr'><strong>(flammatus).</strong></span> <span class='ocrx_word' id='word_1_206' title='bbox 554 2669 617 2727; x_wconf 91' lang='grc'>207</span> <span class='ocrx_word' id='word_1_207' title='bbox 642 2666 697 2725; x_wconf 81' lang='lat' dir='ltr'><strong>Sec</strong></span> <span class='ocrx_word' id='word_1_208' title='bbox 720 2657 810 2748; x_wconf 87' lang='lat' dir='ltr'><strong>(sed).</strong></span> <span class='ocrx_word' id='word_1_209' title='bbox 858 2667 919 2724; x_wconf 90' lang='grc'><strong>211</strong></span> <span class='ocrx_word' id='word_1_210' title='bbox 941 2665 1129 2741; x_wconf 87' lang='lat' dir='ltr'><strong>ciliciumque</strong></span> <span class='ocrx_word' id='word_1_211' title='bbox 1153 2657 1240 2746; x_wconf 87' lang='grc'>(0111-</span> 
     </span>
    </p>
   </div>
   <div class='ocr_carea' id='block_1_4' title="bbox 81 2744 1240 2837">
    <p class='ocr_par' dir='ltr' id='par_1_5' title="bbox 81 2744 1240 2837">
     <span class='ocr_line' id='line_1_27' title="bbox 81 2744 1240 2837; baseline -0.003 -24"><span class='ocrx_word' id='word_1_212' title='bbox 81 2797 105 2813; x_wconf 83' lang='grc'><strong>..</strong></span> <span class='ocrx_word' id='word_1_213' title='bbox 224 2747 376 2837; x_wconf 91' lang='lat' dir='ltr'><strong>cumque).</strong></span> <span class='ocrx_word' id='word_1_214' title='bbox 414 2757 477 2816; x_wconf 95' lang='grc'><strong>215</strong></span> <span class='ocrx_word' id='word_1_215' title='bbox 493 2756 602 2814; x_wconf 90' lang='lat' dir='ltr'><strong>serium</strong></span> <span class='ocrx_word' id='word_1_216' title='bbox 616 2747 760 2837; x_wconf 80' lang='lat' dir='ltr'><strong>(Serum).</strong></span> <span class='ocrx_word' id='word_1_217' title='bbox 803 2756 867 2814; x_wconf 89' lang='grc'><strong>230</strong></span> <span class='ocrx_word' id='word_1_218' title='bbox 882 2753 931 2813; x_wconf 81' lang='lat' dir='ltr'><strong>Sic</strong></span> <span class='ocrx_word' id='word_1_219' title='bbox 944 2756 1046 2813; x_wconf 88' lang='lat' dir='ltr'><strong>catum</strong></span> <span class='ocrx_word' id='word_1_220' title='bbox 1059 2744 1240 2834; x_wconf 80' lang='lat' dir='ltr'><strong>(siccatam).</strong></span> 
     </span>
    </p>
   </div>
   <div class='ocr_carea' id='block_1_5' title="bbox 225 2834 1241 3371">
    <p class='ocr_par' dir='ltr' id='par_1_6' title="bbox 225 2834 1241 3371">
     <span class='ocr_line' id='line_1_28' title="bbox 227 2834 1241 2926; baseline -0.005 -22"><span class='ocrx_word' id='word_1_221' title='bbox 227 2847 291 2904; x_wconf 88' lang='grc'><strong>232</strong></span> <span class='ocrx_word' id='word_1_222' title='bbox 316 2845 449 2923; x_wconf 80' lang='lat' dir='ltr'><strong>Effugies</strong></span> <span class='ocrx_word' id='word_1_223' title='bbox 482 2835 633 2926; x_wconf 82' lang='lat' dir='ltr'><strong>(effigies).</strong></span> <span class='ocrx_word' id='word_1_224' title='bbox 681 2845 744 2903; x_wconf 88' lang='grc'>238</span> <span class='ocrx_word' id='word_1_225' title='bbox 772 2844 846 2902; x_wconf 90' lang='lat' dir='ltr'><strong>haec</strong></span> <span class='ocrx_word' id='word_1_226' title='bbox 878 2834 972 2924; x_wconf 88' lang='lat' dir='ltr'><strong>(hac).</strong></span> <span class='ocrx_word' id='word_1_227' title='bbox 1019 2843 1082 2900; x_wconf 87' lang='grc'>245</span> <span class='ocrx_word' id='word_1_228' title='bbox 1112 2844 1241 2919; x_wconf 82' lang='lat' dir='ltr'><strong>augusta</strong></span> 
     </span>
     <span class='ocr_line' id='line_1_29' title="bbox 225 2923 1240 3016; baseline -0.004 -24"><span class='ocrx_word' id='word_1_229' title='bbox 225 2926 393 3016; x_wconf 82' lang='lat' dir='ltr'><strong>(angusta).</strong></span> <span class='ocrx_word' id='word_1_230' title='bbox 441 2935 504 2992; x_wconf 90' lang='grc'>255</span> <span class='ocrx_word' id='word_1_231' title='bbox 534 2932 650 2993; x_wconf 88' lang='lat' dir='ltr'><strong>eoridas</strong></span> <span class='ocrx_word' id='word_1_232' title='bbox 679 2923 855 3015; x_wconf 91' lang='lat' dir='ltr'><strong>(heroidas).</strong></span> <span class='ocrx_word' id='word_1_233' title='bbox 902 2931 964 2990; x_wconf 88' lang='grc'><strong>261</strong></span> <span class='ocrx_word' id='word_1_234' title='bbox 988 2929 1162 2990; x_wconf 90' lang='lat' dir='ltr'><strong>Placautem</strong></span> <span class='ocrx_word' id='word_1_235' title='bbox 1190 2923 1240 3012; x_wconf 82' lang='lat' dir='ltr'><strong>(ec</strong></span> 
     </span>
     <span class='ocr_line' id='line_1_30' title="bbox 225 3011 1239 3102; baseline -0.006 -20"><span class='ocrx_word' id='word_1_236' title='bbox 225 3041 313 3083; x_wconf 82' lang='lat' dir='ltr'><strong>cereo</strong></span> <span class='ocrx_word' id='word_1_237' title='bbox 336 3023 515 3082; x_wconf 80' lang='lat' dir='ltr'><strong>cateccdectc</strong></span> <span class='ocrx_word' id='word_1_238' title='bbox 532 3040 589 3096; x_wconf 80' lang='lat' dir='ltr'><strong>pro</strong></span> <span class='ocrx_word' id='word_1_239' title='bbox 613 3012 818 3102; x_wconf 59' lang='lat' dir='ltr'><strong>paeantem).</strong></span> <span class='ocrx_word' id='word_1_240' title='bbox 854 3019 883 3077; x_wconf 90' lang='lat' dir='ltr'>V</span> <span class='ocrx_word' id='word_1_241' title='bbox 898 3021 926 3098; x_wconf 87' lang='grc'>2,</span> <span class='ocrx_word' id='word_1_242' title='bbox 945 3024 962 3079; x_wconf 87' lang='grc'><strong>7</strong></span> <span class='ocrx_word' id='word_1_243' title='bbox 983 3020 1094 3098; x_wconf 84' lang='lat' dir='ltr'><strong>longon</strong></span> <span class='ocrx_word' id='word_1_244' title='bbox 1109 3011 1239 3102; x_wconf 85' lang='lat' dir='ltr'><strong>(longo).</strong></span> 
     </span>
     <span class='ocr_line' id='line_1_31' title="bbox 229 3101 1239 3194; baseline -0.003 -24"><span class='ocrx_word' id='word_1_245' title='bbox 229 3113 268 3171; x_wconf 93' lang='grc'><strong>17</strong></span> <span class='ocrx_word' id='word_1_246' title='bbox 293 3114 389 3172; x_wconf 86' lang='grc'>1161116</span> <span class='ocrx_word' id='word_1_247' title='bbox 412 3103 547 3194; x_wconf 88' lang='lat' dir='ltr'><strong>(cretus).</strong></span> <span class='ocrx_word' id='word_1_248' title='bbox 595 3113 635 3170; x_wconf 92' lang='grc'><strong>22</strong></span> <span class='ocrx_word' id='word_1_249' title='bbox 660 3110 826 3188; x_wconf 82' lang='lat' dir='ltr'><strong>generosiss</strong></span> <span class='ocrx_word' id='word_1_250' title='bbox 858 3101 958 3192; x_wconf 79' lang='grc'>(6116)</span> <span class='ocrx_word' id='word_1_251' title='bbox 1006 3111 1046 3170; x_wconf 89' lang='grc'>23</span> <span class='ocrx_word' id='word_1_252' title='bbox 1080 3110 1239 3168; x_wconf 86' lang='lat' dir='ltr'><strong>stammate</strong></span> 
     </span>
     <span class='ocr_line' id='line_1_32' title="bbox 225 3190 1240 3371; baseline -0.004 -111"><span class='ocrx_word' id='word_1_253' title='bbox 225 3192 422 3371; x_wconf 83' lang='lat' dir='ltr'><strong>(stemmate).</strong></span> <span class='ocrx_word' id='word_1_254' title='bbox 439 3203 478 3262; x_wconf 87' lang='lat'><strong>39</strong></span> <span class='ocrx_word' id='word_1_255' title='bbox 491 3203 592 3260; x_wconf 91' lang='grc'>616116</span> <span class='ocrx_word' id='word_1_256' title='bbox 608 3190 746 3282; x_wconf 88' lang='lat' dir='ltr'><strong>(exerto).</strong></span> <span class='ocrx_word' id='word_1_257' title='bbox 767 3200 809 3258; x_wconf 92' lang='grc'><strong>48</strong></span> <span class='ocrx_word' id='word_1_258' title='bbox 818 3218 922 3259; x_wconf 87' lang='lat' dir='ltr'><strong>nemea</strong></span> <span class='ocrx_word' id='word_1_259' title='bbox 932 3190 1119 3282; x_wconf 87' lang='lat' dir='ltr'><strong>(Nemeaea).</strong></span> <span class='ocrx_word' id='word_1_260' title='bbox 1135 3199 1240 3274; x_wconf 68' lang='grc'>56116-</span> 
     </span>
    </p>
   </div>
   <div class='ocr_carea' id='block_1_6' title="bbox 99 3279 1240 3373">
    <p class='ocr_par' dir='ltr' id='par_1_7' title="bbox 99 3279 1240 3373">
     <span class='ocr_line' id='line_1_33' title="bbox 99 3279 1240 3373; baseline -0.004 -24"><span class='ocrx_word' id='word_1_261' title='bbox 99 3281 101 3291; x_wconf 70' lang='grc'>’</span> <span class='ocrx_word' id='word_1_262' title='bbox 224 3292 323 3349; x_wconf 89' lang='lat' dir='ltr'><strong>tentes</strong></span> <span class='ocrx_word' id='word_1_263' title='bbox 347 3282 424 3373; x_wconf 91' lang='lat' dir='ltr'><strong>(-is.</strong></span> <span class='ocrx_word' id='word_1_264' title='bbox 462 3280 703 3371; x_wconf 64' lang='grc'>5811110116).</span> <span class='ocrx_word' id='word_1_265' title='bbox 738 3285 920 3348; x_wconf 70' lang='grc'>6506611116</span> <span class='ocrx_word' id='word_1_266' title='bbox 944 3279 1091 3371; x_wconf 87' lang='lat' dir='ltr'><strong>(occidit).</strong></span> <span class='ocrx_word' id='word_1_267' title='bbox 1125 3289 1165 3345; x_wconf 92' lang='grc'><strong>77</strong></span> <span class='ocrx_word' id='word_1_268' title='bbox 1190 3306 1240 3345; x_wconf 92' lang='lat' dir='ltr'><strong>ne-</strong></span> 
     </span>
    </p>
   </div>
   <div class='ocr_carea' id='block_1_7' title="bbox 225 3368 1239 3817">
    <p class='ocr_par' dir='ltr' id='par_1_8' title="bbox 225 3368 1239 3817">
     <span class='ocr_line' id='line_1_34' title="bbox 226 3368 1238 3462; baseline -0.004 -26"><span class='ocrx_word' id='word_1_269' title='bbox 226 3378 318 3438; x_wconf 82' lang='lat' dir='ltr'><strong>fonda</strong></span> <span class='ocrx_word' id='word_1_270' title='bbox 336 3370 504 3462; x_wconf 89' lang='lat' dir='ltr'><strong>(nefanda).</strong></span> <span class='ocrx_word' id='word_1_271' title='bbox 537 3380 577 3438; x_wconf 92' lang='grc'><strong>81</strong></span> <span class='ocrx_word' id='word_1_272' title='bbox 597 3377 766 3453; x_wconf 91' lang='lat' dir='ltr'><strong>mercioque</strong></span> <span class='ocrx_word' id='word_1_273' title='bbox 789 3368 992 3460; x_wconf 90' lang='lat' dir='ltr'><strong>(meritoque).</strong></span> <span class='ocrx_word' id='word_1_274' title='bbox 1026 3377 1068 3435; x_wconf 88' lang='grc'><strong>84</strong></span> <span class='ocrx_word' id='word_1_275' title='bbox 1090 3377 1134 3435; x_wconf 92' lang='lat' dir='ltr'><strong>ire</strong></span> <span class='ocrx_word' id='word_1_276' title='bbox 1153 3368 1238 3457; x_wconf 90' lang='lat' dir='ltr'><strong>(ira.</strong></span> 
     </span>
     <span class='ocr_line' id='line_1_35' title="bbox 225 3456 1237 3550; baseline -0.003 -24"><span class='ocrx_word' id='word_1_277' title='bbox 225 3469 269 3527; x_wconf 91' lang='grc'><strong>88</strong></span> <span class='ocrx_word' id='word_1_278' title='bbox 284 3468 406 3527; x_wconf 80' lang='lat' dir='ltr'><strong>Excitat</strong></span> <span class='ocrx_word' id='word_1_279' title='bbox 420 3459 575 3550; x_wconf 79' lang='lat' dir='ltr'><strong>(excidat).</strong></span> <span class='ocrx_word' id='word_1_280' title='bbox 599 3467 645 3526; x_wconf 90' lang='lat' dir='ltr'><strong>dic</strong></span> <span class='ocrx_word' id='word_1_281' title='bbox 660 3485 748 3526; x_wconf 84' lang='lat' dir='ltr'><strong>saevo</strong></span> <span class='ocrx_word' id='word_1_282' title='bbox 764 3458 841 3548; x_wconf 88' lang='lat' dir='ltr'><strong>(dies</strong></span> <span class='ocrx_word' id='word_1_283' title='bbox 856 3458 953 3547; x_wconf 83' lang='lat' dir='ltr'><strong>aevo).</strong></span> <span class='ocrx_word' id='word_1_284' title='bbox 978 3467 1019 3526; x_wconf 82' lang='lat'><strong>93</strong></span> <span class='ocrx_word' id='word_1_285' title='bbox 1038 3465 1111 3524; x_wconf 81' lang='lat' dir='ltr'><strong>fatis</strong></span> <span class='ocrx_word' id='word_1_286' title='bbox 1125 3456 1214 3546; x_wconf 92' lang='lat' dir='ltr'><strong>(satis</strong></span> <span class='ocrx_word' id='word_1_287' title='bbox 1231 3511 1237 3522; x_wconf 92' lang='lat'><strong>.</strong></span> 
     </span>
     <span class='ocr_line' id='line_1_36' title="bbox 227 3546 1239 3639; baseline -0.005 -23"><span class='ocrx_word' id='word_1_288' title='bbox 227 3559 293 3617; x_wconf 92' lang='grc'><strong>100</strong></span> <span class='ocrx_word' id='word_1_289' title='bbox 316 3556 436 3617; x_wconf 86' lang='lat' dir='ltr'><strong>crimiae</strong></span> <span class='ocrx_word' id='word_1_290' title='bbox 460 3550 620 3639; x_wconf 87' lang='lat' dir='ltr'><strong>(crimine).</strong></span> <span class='ocrx_word' id='word_1_291' title='bbox 659 3557 721 3615; x_wconf 88' lang='lat'><strong>103</strong></span> <span class='ocrx_word' id='word_1_292' title='bbox 745 3555 826 3633; x_wconf 82' lang='lat' dir='ltr'><strong>leges</strong></span> <span class='ocrx_word' id='word_1_293' title='bbox 849 3546 1027 3638; x_wconf 85' lang='lat' dir='ltr'><strong>(legesque).</strong></span> <span class='ocrx_word' id='word_1_294' title='bbox 1066 3556 1128 3613; x_wconf 92' lang='grc'><strong>117</strong></span> <span class='ocrx_word' id='word_1_295' title='bbox 1153 3553 1239 3612; x_wconf 89' lang='grc'>(116116</span> 
     </span>
     <span class='ocr_line' id='line_1_37' title="bbox 227 3633 1239 3728; baseline -0.003 -24"><span class='ocrx_word' id='word_1_296' title='bbox 227 3637 356 3728; x_wconf 89' lang='lat' dir='ltr'><strong>(dictis).</strong></span> <span class='ocrx_word' id='word_1_297' title='bbox 410 3647 472 3705; x_wconf 91' lang='grc'><strong>128</strong></span> <span class='ocrx_word' id='word_1_298' title='bbox 502 3664 647 3722; x_wconf 91' lang='lat' dir='ltr'><strong>acceaque</strong></span> <span class='ocrx_word' id='word_1_299' title='bbox 680 3636 892 3726; x_wconf 88' lang='lat' dir='ltr'><strong>(Actaeaque.</strong></span> <span class='ocrx_word' id='word_1_300' title='bbox 947 3646 1009 3703; x_wconf 90' lang='grc'><strong>129</strong></span> <span class='ocrx_word' id='word_1_301' title='bbox 1038 3662 1128 3719; x_wconf 92' lang='lat' dir='ltr'><strong>eques</strong></span> <span class='ocrx_word' id='word_1_302' title='bbox 1155 3633 1239 3724; x_wconf 84' lang='lat' dir='ltr'><strong>(os).</strong></span> 
     </span>
     <span class='ocr_line' id='line_1_38' title="bbox 227 3722 1239 3817; baseline -0.008 -23"><span class='ocrx_word' id='word_1_303' title='bbox 227 3737 290 3795; x_wconf 92' lang='lat'><strong>131</strong></span> <span class='ocrx_word' id='word_1_304' title='bbox 306 3735 474 3812; x_wconf 85' lang='lat' dir='ltr'><strong>Nubigeras</strong></span> <span class='ocrx_word' id='word_1_305' title='bbox 489 3725 691 3817; x_wconf 84' lang='lat' dir='ltr'><strong>(nubigenas).</strong></span> <span class='ocrx_word' id='word_1_306' title='bbox 715 3733 845 3793; x_wconf 86' lang='lat' dir='ltr'><strong>cedimus</strong></span> <span class='ocrx_word' id='word_1_307' title='bbox 874 3722 1036 3812; x_wconf 89' lang='lat' dir='ltr'><strong>caedibus).</strong></span> <span class='ocrx_word' id='word_1_308' title='bbox 1068 3732 1130 3791; x_wconf 88' lang='grc'><strong>134</strong></span> <span class='ocrx_word' id='word_1_309' title='bbox 1144 3730 1239 3787; x_wconf 91' lang='lat' dir='ltr'><strong>librae</strong></span> 
     </span>
    </p>
   </div>
   <div class='ocr_carea' id='block_1_8' title="bbox 0 0 1468 4192">
    <p class='ocr_par' dir='ltr' id='par_1_9' title="bbox 0 0 1468 4192">
     <span class='ocr_line' id='line_1_39' title="bbox 0 0 1468 4192; baseline 0 0"><span class='ocrx_word' id='word_1_310' title='bbox 0 0 1468 4192; x_wconf 95' lang='lat' dir='ltr'><strong> </strong></span> 
     </span>
    </p>
   </div>
  </div>
 </body>
</html>
