2925 4192
561 298 746 353 snvmun
764 299 794 354 1.
809 300 855 369 111,
870 306 894 354 e.

224 443 360 527 pronior
382 443 454 527 ipse
478 443 576 507 etiam
599 444 762 529 gaudebat
785 445 894 509 cedere
917 444 1024 509 frater.

224 554 306 616 quas
328 531 391 596 tibi
414 531 521 597 devoti
545 531 676 597 iuvenes
698 555 758 616 pro
782 538 874 617 patro
897 537 1024 620 renato,

222 643 348 685 summe
368 621 495 707 ducum,
512 625 631 707 grates,
644 625 701 685 aut
715 643 796 705 quae
810 622 865 706 pia
883 626 958 687 vota
972 622 1164 705 rependunt!
1181 637 1231 687 155
1268 644 1271 649 ·

223 713 260 773 10
285 748 327 756 -
352 732 409 773 seu
432 709 524 773 tarda
546 710 612 774 situ
634 711 797 794 rebusque
821 710 976 775 exhausta
999 714 1145 775 senectus

223 798 345 862 errarit
368 820 426 863 seu
447 798 567 863 blanda
589 798 643 862 din
666 798 810 863 Fortuna
832 820 1013 885 regressum

223 885 342 951 maluit
364 925 408 933 —
432 887 607 951 attonitum
630 891 663 951 et
685 887 812 952 venturi
835 887 980 952 fulminis
1001 888 1085 952 ictus

222 976 410 1040 horrentem
433 975 557 1040 tonitru
580 979 707 1040 tantum
729 976 858 1061 lenique
882 976 1022 1060 procella

223 1067 397 1129 contentus
415 1064 578 1128 monuisse
596 1087 718 1150 senem,
737 1086 872 1149 cumque
890 1064 1019 1129 horrida
1037 1087 1134 1149 supra
1181 1083 1231 1130 160

223 1175 365 1237 aequora
387 1175 536 1217 curarum
559 1153 664 1218 socius
686 1154 800 1238 procul
822 1152 904 1218 Itala
927 1176 1001 1217 rura

223 1241 400 1327 linqueret,
423 1242 475 1306 hic
497 1243 612 1306 molles
637 1241 792 1327 Campani
814 1242 920 1307 litoris
943 1264 1014 1306 oras

225 1334 259 1394 et
280 1330 474 1395 Diomedeas
497 1331 669 1396 concedere
692 1331 797 1395 iussus
820 1330 854 1395 in
877 1352 964 1395 arces

221 1422 321 1503 atque
339 1420 472 1503 hospes,
489 1441 555 1484 non
574 1420 657 1504 exul,
676 1424 753 1484 erat.
789 1442 848 1484 nee
866 1420 963 1507 longa
981 1423 1130 1483 moratus

222 1507 417 1572 Romuleum
439 1530 562 1573 reseras
584 1508 715 1593 iterum,
739 1508 939 1595 Germanice,
960 1508 1061 1572 limen
1181 1524 1231 1573 165

216 1600 484 1680 ,maerentemque
508 1598 598 1662 foves
621 1598 856 1683 inclinatosque
879 1602 1013 1682 penates

223 1685 330 1771 erigis.
366 1685 454 1750 haud
471 1685 603 1769 mirum,
622 1686 736 1751 ductor
753 1686 982 1771 placidissime,
1001 1686 1128 1770 qnando

223 1774 304 1838 haec
327 1778 377 1838 001
399 1795 481 1857 quae
504 1774 600 1838 victis
622 1775 788 1859 parcentia
811 1774 940 1839 foedera
963 1774 1065 1839 Cattis

223 1883 370 1947 quaeque
393 1883 487 1926 suum
509 1861 607 1926 Dacis
630 1861 728 1927 donat
752 1862 921 1927 clementia
943 1866 1098 1948 montem,
1133 1942 1134 1945 Ἴ

224 1973 305 2036 quae
320 1949 415 2016 modo
429 1949 652 2015 Marcomanos
665 1954 741 2035 post
756 1950 885 2015 horrida
900 1950 985 2014 bella
999 1972 1161 2035 vagosque
1182 1968 1232 2016 170

222 2038 431 2105 Sauromatas
452 2038 546 2103 Latio
568 2061 636 2103 non
659 2042 708 2102 est
732 2038 864 2124 dignata
887 2038 1060 2122 triumpho.

288 2128 416 2212 iamque
439 2127 474 2191 in
496 2129 560 2191 fine
583 2127 652 2192 dies
674 2131 707 2191 et
729 2126 928 2192 inexorabile
950 2149 1087 2211 pensum

223 2217 341 2281 deficit.
386 2216 439 2281 hio
462 2216 576 2281 maesti
599 2216 704 2300 pietas
726 2237 778 2279 me
801 2216 906 2300 poscit
928 2215 1070 2298 Etrusci,

224 2305 333 2390 qualia
354 2328 414 2370 neo
437 2304 563 2370 Siculae
585 2305 792 2369 moderantur
814 2304 954 2369 carmina
976 2326 1074 2388 rupes

222 2416 282 2458 nec
304 2394 364 2458 fati
388 2395 452 2458 iam
475 2399 582 2459 certus
606 2394 675 2459 olor
697 2392 846 2477 saevique
869 2394 984 2457 marita
1180 2409 1230 2458 175

222 2482 350 2547 Tereos.
396 2482 459 2546 heu
484 2483 613 2567 quantis
635 2483 810 2548 lassantem
832 2482 963 2547 brachia
986 2482 1051 2545 vidi

224 2570 412 2654 planctibus
435 2574 467 2634 et
491 2593 594 2655 prono
618 2572 725 2637 fusum
749 2592 846 2654 super
869 2570 976 2635 oscula
998 2571 1103 2635 101101

224 2658 279 2721 vix
303 2659 417 2722 famuli
440 2659 638 2744 comitesque
660 2662 786 2743 tenent,
808 2658 862 2722 1111
885 2659 1001 2724 arduus
1024 2659 1110 2745 ignis

225 2750 414 2811 summovet.
459 2746 546 2811 haud
568 2747 662 2811 aliter
684 2747 808 2833 gemuit
830 2769 889 2831 per
911 2748 1019 2811 inania
1042 2747 1184 2811 Theseus
1211 2754 1268 2832 psi

224 2834 331 2918 litora,
355 2834 410 2917 qui
432 2834 522 2899 falsis
545 2835 714 2920 deceperat
736 2834 846 2920 Aegea
868 2834 955 2900 velis.
1180 2836 1231 2899 101

223 2928 302 2987 tunc
323 2922 462 2986 immane
485 2945 617 3008 gemens
638 2923 849 3007 foedatusque
873 2945 928 2988 ora
951 2927 1100 3006 tepentes

224 3012 353 3077 adfatur
376 3010 537 3075 01001001Ι

558 3102 626 3164 ‘cur
647 3124 720 3184 nos,
743 3100 909 3187 fidissime,
927 3100 1047 3185 hnquis

223 3245 436 3256 ..—.-.—

296 3370 345 3418 155
364 3365 534 3433 rependunt:
553 3365 745 3433 rependente
818 3370 867 3419 107
887 3364 991 3420 erravit
1010 3383 1036 3419 o:
1056 3364 1161 3419 errabit

225 3441 276 3489 168
294 3434 449 3491 victis1¹r
467 3434 559 3489 victua
614 3441 666 3491 174
683 3436 876 3491 moderantur:
895 3435 1075 3489 modulantur
1088 3435 1231 3490 Bentlcias

297 3512 346 3560 179
364 3522 415 3576 per
432 3506 530 3561 inania
547 3507 720 3562 Bereiaros:
738 3507 874 3577 periuria:
900 3524 951 3577 per
968 3506 1055 3562 Sunia
1073 3506 1179 3561 Poleter

225 3582 276 3629 180
295 3576 403 3633 Litora:
432 3580 547 3647 (0010010
573 3577 697 3647 periuria
722 3597 747 3633 o.
763 3581 827 3648 179)
854 3578 948 3649 111010
963 3596 992 3637 s:
1025 3577 1115 3632 altera
1142 3576 1231 3633 Sand-

223 3651 365 3703 stroemius
438 3655 487 3703 182
507 3666 556 3702 cur
575 3667 604 3708 ςε
624 3648 669 3703 cui

278 3746 362 3787 811111
376 3747 473 3789 8111111.
1055 3743 1071 3790 6
1152 3800 1154 3805 ,
