2925 4192
560 376 744 431 snvnuun
762 378 791 431 n
807 378 840 447 v,
856 384 879 433 1.

220 520 268 585 nil
290 525 416 605 cantus,
440 520 487 585 nil
509 521 564 585 ffla
587 521 656 586 deis
677 522 831 606 pallentis
853 521 973 587 Averni

217 609 497 693 Eumenidumque
520 610 629 673 audita
652 611 752 675 comis
776 611 914 675 mulcere
937 611 1093 675 valerent:

217 701 329 762 tantus
351 697 385 762 in
408 698 548 763 attonito
570 699 729 784 regnabat
753 704 882 783 pectore
904 700 1023 765 luctus!

216 806 302 851 nuno
321 786 419 851 etiam
436 787 478 851 ad
495 786 645 871 planctus
662 787 784 873 refugit
802 788 866 852 iam
885 788 982 872 plana
1000 788 1147 872 cicatrix,
1192 806 1227 854 ao

218 875 295 940 dum
317 875 473 961 canimus,
496 876 714 961 gravibusque
737 876 838 942 oculis
861 877 993 941 uxorius
1015 877 1116 941 instat

217 963 330 1028 imber.
366 964 529 1029 habentne
548 964 621 1049 pios
640 965 815 1029 etiamnum
833 965 912 1030 haec
929 965 1052 1029 lumina
1069 966 1186 1031 fletus?

217 1052 299 1117 mira
320 1052 413 1117 fides!
449 1053 544 1118 citius
567 1054 714 1140 genetrix
737 1052 881 1137 Sipyleia
903 1053 1007 1119 fertur
1027 1120 1035 1139 ,

211 1140 404 1206 exhausisse
426 1163 540 1228 genas,
564 1142 659 1207 citius
681 1142 856 1207 Tithonida
878 1142 992 1207 maesti

217 1229 366 1294 deficient
388 1252 477 1295 rores
499 1235 556 1295 aut
579 1231 737 1296 exsatiata
759 1231 886 1296 fatiscet
1193 1248 1226 1297 35

216 1322 320 1383 mater
340 1317 498 1385 Achilleis
520 1319 643 1384 hiemes
666 1320 854 1406 adfrangere
878 1320 991 1384 bustis.

216 1411 320 1472 macte
339 1408 450 1473 animi!
486 1413 579 1474 notat
601 1409 665 1473 ista
683 1408 774 1494 deus,
797 1408 852 1493 qui
875 1408 977 1473 flectit
994 1409 1138 1475 habenas

216 1495 305 1559 orbis
328 1500 360 1560 et
382 1497 541 1562 humanos
564 1498 699 1581 propior
721 1496 797 1561 Iove
820 1497 938 1583 digerit
960 1501 1064 1581 actus,

217 1588 477 1669 maerentemque
500 1586 588 1650 videt
610 1586 750 1670 lectique
774 1608 887 1651 aroana
910 1585 1062 1651 ministri!

217 1671 293 1736 hine
312 1672 410 1736 etiam
428 1673 619 1738 documenta
637 1676 738 1758 capit,
757 1674 843 1758 quod
861 1674 970 1761 diligis
988 1676 1137 1740 umbram
1190 1693 1225 1740 40

150 1831 153 1834 ,
218 1763 251 1823 et
274 1759 353 1824 colis
376 1762 537 1845 exequias.
582 1763 635 1827 hic
658 1767 707 1827 est
730 1763 927 1827 castissimus
951 1764 1057 1849 ardor,

216 1847 270 1912 hie
293 1870 383 1913 amor
404 1872 423 1913 a
446 1850 575 1915 domino
598 1852 732 1915 meritus
755 1873 885 1915 censore
908 1852 1049 1934 probari.

283 1959 343 2001 neo
365 1938 496 2023 mirum,
520 1938 547 2003 si
570 1961 627 2003 vos
650 1939 767 2003 collato
791 1943 922 2022 pectore
944 1940 1065 2005 mixtos

221 2025 329 2089 iunxit
351 2026 527 2111 inabrupta
550 2026 726 2092 Concordia
748 2028 846 2113 longa
869 2032 988 2092 catena.

218 2113 274 2177 illa
296 2114 426 2198 quidem
448 2120 652 2201 nuptumque
675 2116 765 2200 prior
788 2116 960 2201 taedasque
984 2117 1100 2183 marito
1191 2136 1225 2183 45

217 2225 313 2286 passa
335 2203 412 2288 alio,
435 2205 492 2269 sed
514 2209 547 2269 te
571 2227 630 2270 ceu
651 2204 839 2291 virginitate
861 2205 1008 2291 iugatum

217 2291 395 2357 visceribus
417 2293 497 2358 totis
520 2293 688 2377 animaque
711 2293 861 2377 amplexa
884 2294 1029 2378 fovebat3

216 2380 355 2463 qualiter
377 2403 540 2466 aequaevo
563 2382 716 2447 sociatam
740 2382 874 2466 palmite
897 2382 997 2447 vitem

215 2469 322 2534 ulmus
343 2475 432 2535 amat
453 2470 632 2554 miscetque
655 2492 769 2535 nemus
792 2471 954 2554 ditemque
977 2477 1128 2556 precatur

215 2561 404 2622 autumnum
428 2563 461 2623 et
484 2560 565 2624 caris
588 2560 707 2646 gaudet
729 2560 879 2624 redimita
900 2560 1042 2625 racemis.
1191 2579 1224 2626 50

214 2644 386 2710 laudantur
408 2648 538 2730 proavis
561 2670 617 2712 seu
640 2648 794 2731 pulchrae
817 2671 950 2713 munere
972 2650 1106 2735 formae,

215 2754 296 2817 quae
319 2756 445 2799 morum
468 2757 597 2800 caruere
621 2737 728 2819 bonis,
751 2736 913 2820 falsaeque
936 2741 1087 2820 potentes

214 2821 319 2887 laudis
337 2826 434 2909 egent
452 2845 558 2888 verae:
577 2824 640 2887 tibi
660 2846 853 2908 quamquam
872 2829 904 2889 et
923 2825 1014 2911 origo
1033 2825 1152 2891 niteret

214 2914 247 2973 et
270 2911 348 2975 felix
371 2912 495 2995 species
517 2912 720 2995 multumque
744 2912 885 2996 optanda
907 2912 1048 2996 maritis,

214 3021 253 3063 ex
276 3004 308 3064 te
331 3000 434 3064 maior
455 3001 571 3079 honos,
595 3023 695 3064 unum
717 3001 845 3065 novisse
868 3000 987 3087 cubile,
1189 3022 1222 3070 55

214 3110 313 3151 unum
337 3089 468 3153 secretis
490 3089 613 3175 agitare
637 3090 698 3153 sub
722 3089 850 3154 ossibus
873 3090 989 3175 ignem,

213 3177 306 3241 illum
327 3200 387 3242 nec
409 3178 573 3265 Phrygius
594 3178 741 3243 vitiasset
764 3182 876 3263 raptor
898 3201 1038 3244 amorem

284 3376 317 3424 27
335 3370 356 3423 fl
374 3372 435 3441 (del.
453 3372 504 3441 1¹)
522 3371 571 3425 fila
647 3376 681 3425 28
700 3370 800 3427 comis:
820 3369 911 3425 choris
929 3371 1152 3444 Lindeabropias

213 3446 247 3493 33
266 3441 291 3494 si
309 3442 391 3512 pelea
418 3441 554 3512 (Sipyleia
572 3444 600 3510 ς)
626 3441 727 3496 fertur:
756 3441 870 3512 Sipylea
893 3440 999 3497 feretur
1017 3442 1152 3499 Hamae

213 3517 248 3565 44
266 3514 383 3568 catanae
401 3516 429 3584 (e
445 3515 528 3582 finale
546 3516 596 3569 del.
616 3515 666 3584 1¹)
729 3517 763 3568 45
781 3516 955 3583 nuptumque
975 3530 1004 3573 ςε
1023 3516 1168 3583 nuptaque

214 3586 246 3634 51
264 3582 441 3640 Laudentur:
459 3583 611 3639 laudentur
629 3601 646 3644 ς
726 3583 839 3653 proavis
858 3602 908 3639 seu
927 3601 957 3644 s:
975 3584 1074 3655 proavi
1092 3602 1141 3639 seu
1159 3589 1222 3657 (qao

211 3660 317 3708 seruato
343 3672 460 3709 munera
484 3656 616 3724 Imbofiaa
639 3656 776 3725 mnodo:
804 3655 916 3727 proavis
945 3658 995 3710 aut
1018 3656 1151 3712 Heinsius

212 3728 247 3777 52
265 3723 410 3799 falsaeque
428 3727 575 3783 Harenas:
593 3727 721 3797 falsoque
