2925 4192
231 377 332 432 LXXII
635 375 840 442 PRAEFATIO

279 529 327 610 Hl
346 529 375 604 3,
394 529 451 587 47:
473 528 637 587 famulatur
659 521 700 588 A:
728 527 913 587 famulantur
934 521 997 588 llo:
1025 527 1202 588 simulantur
1223 540 1246 590 a

374 617 451 676 1762
474 617 582 676 Tereos
605 610 646 677 A:
669 617 799 675 Thersos
821 609 891 677 llud

275 705 304 762 V
324 709 353 782 2,
374 707 451 765 141:
473 705 609 781 Accipiet
632 697 675 786 (l)
699 698 741 765 A:
762 704 902 780 Accipiat
923 699 984 766 llo:
1006 705 1143 781 Aspiciat
1164 717 1185 766 a

375 796 452 854 142:
475 794 642 854 caledonios
665 787 706 854 A:
729 793 893 852 calidonios
914 787 985 855 llas

375 883 453 942 157:
475 882 560 943 nobis
582 877 624 944 A:
647 881 731 942 vobis
753 875 824 943 llas

326 974 355 1047 3,
374 973 453 1032 237:
475 990 577 1032 versus
598 966 640 1033 A:
663 989 765 1030 rursus
788 983 822 1032 a:
845 989 948 1030 cursus
970 964 1019 1032 llo

235 1061 337 1122 omnia
358 1061 432 1121 haec
455 1062 655 1121 coniecturam
681 1059 814 1118 redolere
842 1059 931 1118 facile
952 1060 1155 1135 unusquisque
1178 1077 1245 1142 conf

236 1151 330 1212 cedet.

302 1239 364 1299 iam
387 1241 552 1299 statuamus
576 1238 701 1297 eundern
723 1255 786 1297 esse
808 1235 919 1297 librum
940 1231 970 1298 ll
989 1239 1020 1296 et
1036 1231 1078 1297 A:
1100 1240 1172 1296 tunc
1189 1236 1246 1295 Po·

236 1329 378 1388 litianum
404 1331 602 1388 correctorum
623 1341 655 1388 m
686 1329 773 1386 notas
801 1328 936 1404 cognitas
963 1325 1101 1386 habuisse
1129 1345 1246 1387 necesse

236 1420 291 1478 est.
328 1419 418 1494 atque
442 1416 559 1476 exhibet
580 1410 897 1491 revera12,103A
918 1415 1153 1492 Finierat=m,
1171 1415 1203 1474 H
1218 1417 1248 1491 1,

240 1507 280 1565 78
303 1500 333 1567 A
356 1524 510 1581 quererere
524 1530 566 1552 =
580 1519 620 1581 m,
643 1505 719 1578 116,
735 1505 777 1563 10
798 1499 828 1566 A
853 1523 921 1563 urse
936 1530 978 1552 ==
992 1499 1248 1582 n,1111‚1sA

238 1593 348 1654 ditavit
361 1619 404 1644 =
418 1608 459 1670 m,
481 1595 516 1652 ut
538 1593 676 1668 spiritum
694 1611 833 1668 asperum
849 1593 898 1652 hic
916 1593 979 1652 illic
996 1612 1015 1651 a
1034 1593 1247 1654 correctoribus

238 1682 375 1742 additum
406 1681 557 1757 omittam,
588 1681 639 1740 ubi
661 1676 691 1743 A
717 1682 828 1740 formas
856 1700 874 1739 a
901 1681 1003 1741 littera
1025 1683 1046 1740 h
1072 1683 1247 1760 incipientes

239 1771 382 1850 agnoscit.
426 1764 777 1845 113,10A*videtur
797 1769 936 1831 habuisse
965 1773 1123 1847 utrunque
1145 1789 1248 1831 vocem

239 1862 270 1920 et
293 1853 388 1919 ‘haec'
412 1862 442 1919 et
465 1853 532 1918 ‘et'r
564 1853 618 1918 ‘et'
640 1852 684 1920 ll¹
708 1860 839 1936 scripsit,
871 1853 967 1918 ‘haec'
989 1873 1021 1920 m
1051 1861 1084 1918 in
1112 1861 1248 1938 margine

104 1932 112 1950 ’
238 1948 364 2008 aanor
408 1949 478 2007 1100:
500 1948 594 2026 igitur
615 1949 678 2008 verr
701 1949 886 2008 simillimum
908 1948 1044 2008 coeatur
1065 1948 1250 2008 Porsennam

238 2039 338 2113 ipsum
355 2037 562 2098 Matritensem
579 2037 757 2112 adhibuisse,
774 2040 876 2097 tamen
893 2038 1048 2113 scrupulus
1070 2040 1165 2097 restat
1182 2057 1249 2115 gra·

239 2126 378 2186 sissimus
402 2145 490 2203 quem
512 2127 573 2184 iarn
596 2144 685 2202 supra
707 2127 804 2203 tetigi.
849 2126 925 2184 nihil
952 2129 1054 2185 autem
1076 2126 1141 2186 dico
1170 2126 1249 2202 quod

238 2215 286 2274 111
306 2217 335 2289 2,
355 2215 395 2273 56
418 2215 540 2274 lectioni
562 2227 583 2275 a
605 2208 717 2274 ‘Serius
736 2233 752 2273 e
769 2209 876 2290 puppi’
894 2232 984 2290 snpra
1002 2217 1133 2291 scripsit:
1151 2206 1250 2283 ‘sevus

241 2304 271 2361 et
293 2303 325 2360 in
347 2303 373 2360 1⁰
395 2296 476 2379 pog',
498 2305 657 2378 propterea
680 2302 760 2378 quod
781 2321 841 2361 non
864 2302 902 2361 ab
925 2303 1005 2361 omni
1027 2307 1113 2379 parte
1136 2307 1250 2364 certum

241 2393 287 2450 est
310 2391 382 2466 quid
399 2390 566 2450 Politianus
589 2392 621 2448 in
639 2390 793 2468 Poggiano
816 2391 907 2450 fuisse
931 2393 1123 2454 contenderit.
1154 2392 1250 2452 multo

239 2479 362 2538 maioris
384 2480 528 2538 momenti
550 2481 595 2538 est
618 2479 758 2539 alterum:
786 2478 888 2540 abesse
910 2481 990 2539 enim
1012 2481 1129 2541 disertis
1152 2481 1251 2542 verbis

241 2569 371 2627 testatur
401 2566 568 2626 Politianus
600 2586 619 2626 a
654 2587 706 2628 suo
743 2569 842 2628 codice
873 2587 991 2630 versum
1022 2570 1090 2646 14,
1110 2571 1167 2629 86·
1199 2569 1251 2645 qui

241 2657 354 2735 legitur
376 2658 407 2716 et
428 2656 460 2714 in
482 2650 512 2716 ll
535 2659 565 2716 et
587 2656 619 2715 in
642 2669 689 2733 ae,
712 2657 749 2716 cf.
772 2676 864 2733 supra
885 2679 914 2734 p.
933 2657 983 2718 LI.
1019 2659 1075 2718 hoc
1098 2658 1161 2718 solo
1183 2659 1250 2717 loco

242 2745 350 2806 occidit
369 2744 448 2822 quod
470 2747 635 2822 posuimus:
658 2764 718 2805 non
740 2749 840 2825 potest
856 2741 887 2807 ll
909 2747 989 2818 idem
1007 2747 1099 2806 codex
1116 2767 1179 2808 esse
1199 2747 1257 2823 qui.

242 2835 274 2894 in
296 2834 440 2894 Politiani
463 2835 599 2894 manibus
621 2835 687 2894 fuit.
732 2854 851 2896 versum
880 2839 981 2895 autem
1007 2836 1094 2894 illum
1115 2837 1251 2912 plerique

243 2923 371 2984 editores
402 2944 439 2982 ne
467 2923 618 2983 Vollmero
651 2924 771 3000 quidem
803 2927 924 3001 excepto
953 2925 1044 2984 tacite
1068 2944 1084 2984 e
1111 2926 1252 2984 contextu

241 3014 439 3071 removenmt.
486 3032 545 3088 qua
573 3013 606 3070 in
632 3033 664 3072 re
694 3013 868 3091 gravissime
891 3013 966 3071 mihi
988 3014 1128 3073 videntur
1148 3031 1252 3090 pecca-

240 3100 330 3164 ¹visse.
361 3091 559 3175 nequeenim
581 3121 634 3178 per
656 3120 687 3161 se
709 3120 811 3162 versus
833 3102 1097 3178 interpolationem
1119 3103 1251 3179 sapit—

245 3189 311 3265 qnis
340 3187 418 3247 enim
449 3207 591 3265 umquam
617 3190 713 3250 Italus
740 3193 804 3250 tum
831 3191 966 3267 ineptam
992 3194 1023 3250 et
1052 3192 1253 3269 inelegantem

243 3276 506 3354 interpolationem
533 3278 616 3337 fecitl
641 3311 682 3320 -
706 3300 801 3356 neque
830 3280 1021 3356 perspicitur,
1045 3281 1193 3356 quomodo
1223 3282 1255 3337 et

243 3366 322 3426 unde
344 3366 376 3426 in
399 3361 577 3428 oodicemll
599 3368 765 3444 inrepserit.
796 3387 867 3427 nam
889 3369 1010 3428 minime
1029 3372 1160 3429 statuere
1182 3368 1254 3427 licet

243 3457 343 3532 ipsum
364 3453 521 3514 librarium
542 3473 610 3514 eum
631 3456 750 3518 finxisse
777 3477 831 3534 pro
853 3461 920 3517 tota
947 3459 1009 3517 eius
1036 3458 1149 3535 indole,
1177 3475 1253 3534 quae

246 3547 292 3604 est
312 3543 464 3622 pingentis
493 3562 715 3620 nonnumquam
745 3546 836 3606 verba
866 3547 1042 3623 exemplaris
1065 3548 1112 3606 sui
1135 3549 1166 3606 et
1186 3564 1254 3623 peo-

245 3634 340 3694 cantis
371 3653 407 3692 ex
438 3632 568 3692 stultitia
599 3633 648 3693 vel
678 3635 880 3713 neglegentia,
908 3636 960 3695 sed
990 3636 1111 3694 minime
1143 3638 1254 3693 temere

244 3721 392 3782 novantis.
436 3722 526 3781 immo
550 3721 641 3782 etiam
669 3723 726 3783 hoo
752 3724 818 3782 loco
845 3725 922 3783 sicut
948 3722 1021 3782 alibi
1047 3723 1254 3801 neglegentiae
