2925 4192
587 392 773 448 snvsnun
790 394 820 448 u.
835 394 881 463 ru,
898 400 921 447 s.

255 566 259 594 ι
339 539 437 605 Inous
459 541 542 604 freta
565 538 748 603 miscuisset
769 538 919 603 Isthmos.

340 629 467 694 fervent
488 628 586 694 litora
608 627 810 712 mobilesque
834 627 946 711 silvae,

339 719 368 783 it
390 718 507 805 longus
529 716 652 781 medias
674 717 785 803 fragor
808 738 867 801 per
889 716 996 801 urbes,

341 810 443 892 atque·
463 806 565 871 echon
587 805 684 870 simul
706 804 783 869 hina
806 809 839 870 st
861 804 936 870 inde
958 804 1094 874 fractam

340 893 446 961 Gauro
469 894 626 959 Massicus
648 893 754 959 uvifer
776 892 923 959 remittit.

257 1020 261 1039 ι
339 984 476 1052 miratur
497 983 640 1048 sonitum
664 983 776 1067 quieta
800 981 898 1067 Cyme

340 1078 373 1137 et
395 1072 528 1138 Literna
550 1072 644 1157 palus
666 1072 824 1159 pigerque
849 1070 942 1137 Savo.

405 1165 439 1226 at
461 1162 581 1225 flavum
603 1165 702 1245 eaput
723 1160 933 1245 umidumque
955 1160 1021 1225 late

339 1250 459 1315 crinem
481 1248 638 1315 mollibus
661 1248 837 1334 impeditus
859 1249 942 1314 ulvis

338 1338 520 1404 Vulturnus
542 1338 629 1403 levat
651 1359 707 1402 ora
730 1337 935 1422 maximoque

255 1475 257 1481 -
338 1427 449 1513 pontis
474 1426 618 1492 Caesarei
641 1426 780 1492 rodinus
803 1448 879 1491 arcu

338 1517 443 1582 raucis
464 1516 543 1581 talia
565 1515 714 1581 faucibus
737 1515 906 1581 redundat:

405 1606 605 1689 ‘camporum
628 1604 712 1670 bone
736 1604 884 1670 conditor
906 1626 1065 1691 meorum,

340 1694 395 1778 qui
413 1715 465 1758 me
487 1692 628 1757 vallibus
650 1693 731 1758 ariis
754 1693 897 1758 refusum

339 1786 372 1847 et
394 1782 481 1866 ripas
503 1781 652 1846 habitare
673 1782 871 1847 nesaientem

256 1903 300 1924 =·.
340 1871 420 1935 recti
443 1870 572 1957 legibus
595 1869 676 1936 alvei
698 1869 820 1955 ligasti,

339 1964 373 2023 et
394 1981 479 2024 nune
502 1958 557 2023 ille
580 1980 641 2044 ego
663 1957 815 2022 turbidus
837 1958 1026 2044 minaxque,

338 2048 394 2112 vix
417 2068 533 2132 passus
556 2046 671 2111 dubias
694 2046 786 2132 prius
809 2045 942 2132 carinas

338 2138 403 2202 iam
425 2140 560 2222 pontem
583 2137 650 2201 tero
674 2134 868 2220 perviusque
892 2135 1008 2219 calcor3

339 2226 395 2311 qui
417 2230 520 2290 terras
542 2246 656 2309 rapere
679 2228 712 2289 et
735 2227 842 2289 rotare
865 2223 962 2289 silvas

254 2352 259 2369 ι
339 2315 506 2380 adsueram
529 2352 572 2361 -
596 2313 710 2399 pudet!
737 2350 787 2399 ——,
809 2312 914 2378 amnis
932 2335 1002 2379 esse
1020 2315 1125 2400 eoepi3

73 2384 76 2544 l
338 2404 395 2469 sed
417 2406 527 2491 grates
549 2424 612 2490 ago
636 2402 838 2487 servitusque
860 2402 944 2469 tanti
967 2407 1029 2488 est,

75 2545 76 2550 1
338 2492 424 2577 quod
446 2491 507 2558 sub
532 2496 565 2556 te
588 2492 681 2577 duee,
703 2495 737 2555 te
760 2491 893 2556 iubente
917 2492 1010 2575 cessi,

339 2580 424 2666 quod
447 2585 485 2645 tu
506 2581 667 2645 maximus
689 2579 812 2645 arbiter
834 2602 987 2665 meaeque

337 2669 441 2734 vietor
463 2673 642 2753 perpetuus
662 2668 770 2755 legere
793 2669 891 2754 ripae.

255 2791 259 2806 ι
338 2762 371 2821 et
392 2778 478 2822 nune
500 2756 604 2822 limite
626 2779 677 2821 me
700 2757 780 2821 colis
803 2756 899 2821 beato

337 2867 396 2910 nee
420 2845 547 2910 sordere
571 2845 650 2910 sinis
672 2845 858 2928 malumque
880 2846 945 2910 late

338 2934 485 3021 deterges
507 2933 628 2998 sterilis
650 2934 711 2998 soli
734 2933 904 3021 pudorem,

337 3045 378 3088 ne
401 3044 453 3087 me
475 3021 663 3107 pulvereum
686 3043 881 3109 gravemque
904 3022 992 3087 caelo

337 3110 495 3197 Tyrrheni
518 3110 608 3176 sinus
631 3111 748 3175 obruat
770 3110 936 3196 profundi,

331 3285 460 3292 *ῥη-

248 3472 283 3524 81
300 3464 487 3525 Muniam:
508 3463 644 3519 martinus
733 3470 768 3519 88
788 3466 906 3522 Saros:
934 3481 1018 3520 sason
1107 3470 1140 3520 78
1158 3467 1254 3535 quis:

248 3535 316 3602 Quis
378 3536 551 3595 ueta-It
612 3535 1202 3619 wrepitffliamuppertatadaffi)

248 3613 283 3661 81
300 3607 477 3688 servitnsqne
494 3607 666 3663 Politiaaas.
693 3606 767 3662 serui
768 3610 870 3690 tusqpe
958 3612 993 3662 84
1011 3606 1120 3663 Victor:
1146 3606 1257 3664 vinctor

249 3677 405 3735 Haase
435 3680 587 3751 perpetuus
604 3680 732 3750 (atteram
750 3696 765 3735 e
783 3696 818 3735 ea
835 3678 845 3733 i
864 3679 914 3749 1¹)
968 3684 1005 3734 88
1021 3677 1112 3735 eaelo:
1132 3693 1255 3739 aanor

319 3754 353 3804 88
372 3697 521 3810 obruats·
549 3750 649 3807 obluat

1008 3840 1043 3893 7*

319 3399 354 3448 88
371 3393 440 3449 ite:
459 3394 497 3448 Et
553 3394 664 3477 fragret
735 3399 768 3448 88
788 3393 873 3449 athon
933 3394 999 3449 hina
1016 3393 1082 3449 hino
1096 3394 1203 3451 atinde
