2925 4192
217 365 237 426 2
572 364 602 419 P.
621 363 746 417 PAPINI
764 363 881 420 STATII

216 531 274 573 vos
303 511 402 591 certe,
431 530 567 592 quorum
595 507 709 572 honori
733 508 807 572 data
829 512 918 595 sunt,
945 509 1131 573 haberetis?
1175 509 1231 573 sed

217 597 305 682 apud
327 600 450 661 ceteros
472 618 601 661 necesse
625 600 674 661 est
696 595 836 661 multum
856 597 921 661 illis
940 601 1051 680 pereat
1070 619 1109 661 ex
1127 597 1230 682 venia,

217 708 290 750 cum
318 685 483 750 amiserint
510 707 606 769 quam
633 685 736 750 solam
766 686 950 750 habuerunt
982 685 1120 772 gratiam
1151 685 1228 750 cele·

215 774 332 839 ritatis.
376 773 501 838 nullum
530 773 615 838 enim
638 796 678 838 ex
705 773 772 838 illis
800 774 899 838 biduo
926 774 1056 860 longius
1082 778 1230 857 tractum,

217 864 374 947 quaedam
406 867 438 927 et
470 863 505 926 in
537 862 673 948 singulis
707 862 820 927 diebus
852 864 964 947 effusa3
997 885 1093 947 quem
1121 863 1230 947 timeo,
1248 879 1286 927 2ο

217 974 392 1016 neverum
415 950 498 1016 istuc
521 973 632 1015 versus
655 972 782 1035 quoque
805 951 869 1034 ipsi
893 951 931 1015 de
954 973 988 1015 se
1011 952 1164 1034 probent!

297 1040 421 1125 primus
439 1038 570 1104 libellus
587 1043 823 1105 sacrosanctum
836 1040 936 1103 habet
954 1043 1086 1103 testem:
1107 1061 1231 1103 sumen-

218 1129 294 1192 dum
309 1129 395 1193 enim
410 1132 478 1193 erat
493 1129 523 1191 ‘a
536 1127 611 1193 Iove
628 1128 849 1212 principium'.
886 1132 1015 1192 centum
1033 1128 1094 1192 hos
1112 1150 1232 1213 versus,

219 1240 300 1302 quos
338 1218 373 1281 in
414 1239 504 1281 ecum
541 1216 716 1281 maximum
747 1216 827 1300 feci,
862 1216 1143 1302 indulgentissimo
1175 1216 1231 1280 im-

219 1306 361 1390 peratori
389 1309 520 1389 postero
549 1305 612 1389 die,
640 1327 737 1389 quam
763 1304 963 1369 dedicaverat
985 1327 1078 1391 opus,
1105 1305 1231 1369 tradere
1250 1322 1286 1370 25

219 1395 325 1459 iussus
352 1416 431 1458 sum.
469 1393 617 1477 ‘potuisti
644 1393 736 1458 illud'
760 1393 844 1458 dicet
871 1393 987 1477 aliquis
1015 1394 1059 1457 ‘et
1087 1397 1161 1458 ante
1187 1394 1231 1457 vi-

219 1483 323 1547 disse'.
353 1481 564 1567 respondebis
578 1481 626 1546 illi
639 1486 687 1567 tu,
701 1481 802 1546 Stella
815 1481 987 1566 carissime,
1001 1481 1057 1566 qui
1076 1482 1232 1567 epithala-

219 1571 308 1635 mion
326 1575 427 1653 tuum,
446 1569 533 1654 quod
550 1569 630 1635 mihi
648 1570 847 1656 iniunxeras,
866 1570 928 1635 sois
947 1571 1046 1636 biduo
1067 1571 1231 1655 scriptum.

141 1668 144 1673 '
220 1659 371 1723 audacter
409 1658 598 1738 mehercles,
635 1659 690 1722 sed
726 1663 854 1724 tantum
885 1663 994 1724 tamen
1027 1659 1232 1724 hexametros

1376 1028 1388 1079 t

1361 1462 1388 1616 t

218 1747 320 1812 habet
348 1751 380 1812 et
402 1747 539 1812 fortasse
566 1750 603 1811 tu
630 1770 690 1832 pro
719 1748 843 1834 college
866 1747 1039 1812 mentieris.
1079 1747 1231 1812 Manilius
1250 1766 1287 1813 30
1381 1746 1384 1807 ἶ

220 1839 306 1900 certe
337 1833 511 1922 Vopiscus,
546 1835 596 1899 vir
633 1836 867 1901 eruditissimus
903 1840 937 1901 et
971 1837 1027 1922 qui
1058 1836 1231 1921 praecipuo

220 1924 361 1988 vindicat
397 1947 415 1987 a
452 1923 517 1989 situ
550 1924 676 1989 litteras
707 1925 771 1989 iam
803 1947 905 2010 paene
937 1925 1113 2011 fugientes,
1148 1925 1232 1989 solet

221 2012 307 2078 ultro
336 2034 463 2097 quoque
481 2013 610 2077 nomine
636 2036 708 2078 meo
732 2013 873 2100 gloriari,
896 2013 1006 2078 villam
1028 2013 1232 2078 Tiburtinam

222 2123 313 2166 suam
341 2101 534 2185 descriptam
557 2123 576 2164 a
602 2102 698 2166 nobis
726 2124 791 2166 uno
819 2102 878 2166 die.
929 2102 1075 2185 sequitur
1100 2101 1231 2166 libellus

295 2300 327 2347 16
346 2309 396 2348 ros
411 2295 485 2347 certe
499 2293 552 2347 n':
566 2282 715 2346 noscestc'
746 2298 778 2345 1⁷
793 2292 949 2364 illispereat
998 2299 1032 2346 20
1046 2311 1133 2363 quam
1145 2293 1231 2348 timeo

221 2381 257 2419 ne
267 2365 436 2419 Politicaus:
450 2379 556 2431 quaml
569 2378 667 2417 meone
677 2365 789 2432 (liccem
797 2365 875 2431 infra
884 2380 941 2432 qua
954 2365 1086 2419 subduxit
1100 2371 1126 2420 et
1138 2367 1170 2419 ia
1178 2382 1231 2436 mp.

222 2433 1232 2505 smpeitquamvisnb:quamquam(quamviseulpo)timeoneBaebrerre

313 2511 345 2558 22
365 2505 534 2574 narratque
553 2504 730 2558 continentur
757 2507 761 2574 Ι
790 2504 821 2560 in
838 2506 892 2560 hoc
909 2505 982 2560 libro
1000 2506 1041 2559 Μ’
1058 2508 1091 2560 ire
1107 2523 1159 2577 mp.

223 2583 257 2631 23
277 2574 560 2646 enimerat(sep.1‘)
614 2578 737 2632 centum:
757 2577 935 2630 ceterum1¹
988 2583 1023 2630 24
1041 2577 1072 2630 in
1085 2593 1164 2631 ecum
1178 2576 1230 2632 11¹:

223 2665 333 2703 mecum
352 2649 465 2716 (equum
483 2663 568 2716 aspro
585 2665 609 2702 o.
625 2647 689 2701 add.
703 2650 740 2718 ιιι)
798 2653 831 2701 25
851 2647 918 2702 dedi
936 2646 1233 2718 caveratopustradere

225 2719 299 2790 (dist.
318 2718 369 2786 Μ’)
459 2723 493 2772 26
511 2717 603 2772 iussus
621 2734 684 2771 sum
702 2734 731 2777 ςι
750 2717 870 2775 iussum:
890 2736 974 2774 ausus
993 2737 1055 2773 sum
1072 2718 1230 2773 Soodstroe

223 2793 296 2846 mirre
360 2789 451 2844 ¹dicet
469 2805 498 2848 ςι
518 2787 572 2842 di&
648 2791 698 2843 ant
716 2789 838 2844 eridisse
852 2791 925 2859 (dist.
943 2797 969 2846 et
986 2792 1052 2844 ante
1070 2792 1102 2844 ia
1118 2806 1171 2861 rap.
1190 2807 1231 2849 ree

220 2864 302 2933 petiit
320 2860 361 2914 Μ’
446 2865 483 2914 ’27
503 2859 755 2930 respondebisll’:
783 2861 965 2932 respondebis
1050 2866 1092 2914 27.
1111 2865 1153 2914 28.
1173 2860 1230 2930 epi-

223 2932 381 2989 thalamion
394 2953 431 2989 m:
451 2930 573 3002 qoid1¹
586 2933 738 2986 exhibuerit
750 2935 884 2988 incertam
897 2941 945 3001 est,
957 2934 1071 3000 fortasse
1089 2949 1178 2984 ·mum
1225 2947 1230 2955 ⁴

225 3009 259 3057 28
277 3002 554 3059 mihilunnxerasscis
573 3005 636 3073 (sep.
655 3002 708 3070 ¹¹¹3
736 3006 827 3058 eadem
848 3005 952 3059 medias
973 3004 1079 3058 litterar
1092 3004 1158 3072 plue
1174 3018 1231 3056 reno

223 3075 303 3127 modo
322 3076 449 3130 clariores
461 3077 570 3131 reddere
583 3075 690 3130 studuit
704 3081 729 3130 et
741 3073 902 3128 iniunxeras
915 3077 948 3128 ia
960 3091 1012 3145 my.
1022 3076 1127 3143 posuit)
1189 3073 1231 3127 bi-

226 3143 281 3197 duo
295 3141 336 3196 1²
349 3145 381 3198 ia
398 3162 462 3216 mpa
482 3146 584 3200 dubio·
640 3152 673 3201 29
696 3147 808 3201 tantum
824 3147 930 3202 tamen:
950 3146 1119 3199 tercentum
1135 3145 1232 3198 tamen

225 3215 317 3272 Elter:
331 3216 427 3268 tamen
440 3214 581 3270 CCLXXII
595 3235 609 3270 o
646 3216 885 3287 exam&(errp.1¹,
899 3216 949 3271 del.
959 3218 1041 3270 etiam
1053 3216 1230 3287 mbrrcatoffi

225 3283 375 3340 exumbres
465 3290 498 3337 30
517 3288 558 3340 et:
573 3289 603 3340 at
617 3287 784 3342 Bernartius
853 3287 973 3342 fortasse
987 3286 1039 3342 1²:
1057 3285 1178 3342 foetasse

225 3353 418 3426 tuprocollega
431 3355 494 3424 (sep.
509 3354 559 3424 Μ’)
617 3357 751 3411 Manilius
770 3375 799 3416 ςι
817 3357 940 3413 Manlius
954 3359 1073 3428 (repetiit
1084 3376 1110 3409 ιιι
1123 3361 1155 3412 irs
1168 3360 1232 3427 my.)

279 3432 311 3479 31
332 3427 407 3480 certe
424 3425 554 3496 vopiscus
568 3426 623 3482 1¹:
643 3428 847 3498 cesteropiscus
902 3429 945 3484 vir
958 3427 1164 3483 eruditissimus
1177 3427 1230 3482 1¹:

226 3513 284 3552 mre
306 3496 496 3552 ruditissimus
577 3503 618 3552 31.
639 3504 672 3552 32
692 3499 969 3573 quipcipuerindicat
985 3499 1137 3555 asitulitte·
1152 3501 1157 3571 Ι
1172 3515 1231 3552 ras-¹

225 3567 494 3642 iampenefugientes
512 3569 583 3640 (dist.
602 3569 654 3640 1¹)
730 3577 764 3625 33
782 3572 968 3640 ultroquoque
986 3574 1050 3641 (sep.
1065 3570 1115 3641 Μ’)
1167 3585 1230 3624 meo

226 3639 341 3710 gloriari
359 3640 457 3696 villam
475 3639 527 3694 1²:
545 3640 714 3710 meogloriar
732 3644 803 3713 (exp.
816 3642 865 3710 11¹,
883 3645 934 3698 del.
948 3646 1032 3698 etiam
1048 3640 1230 3712 rubricatorss

225 3728 288 3767 meo
301 3711 406 3782 gloriar
424 3711 475 3767 illa
536 3711 702 3769 tiburtinam
715 3712 767 3767 1¹:
786 3713 954 3768 tibustinam
1030 3717 1064 3766 34
1081 3711 1163 3766 nobis
1177 3709 1230 3764 1²:
