2925 4192
218 374 280 438 118
389 375 420 431 P.
438 372 561 427 PAPINI
580 369 697 426 STATII
716 371 901 426 SILVARUM
919 371 949 425 L.
964 371 1010 439 IV,
1027 377 1051 424 9.

304 519 355 584 551
377 540 509 603 passum
531 516 663 601 psithiis
686 516 753 581 suis
775 520 945 599 recoctum,

305 607 390 672 dulci
412 607 539 671 defruto
561 605 613 670 vel
634 605 742 670 lutosa
766 605 885 669 oceno?

303 700 459 780 quantum
480 717 539 759 nec
562 695 637 759 dare
661 716 769 759 cereos
792 693 930 779 olentes,

306 784 473 849 cultellum
496 788 646 848 tenuesve
669 782 856 848 codicillos?

304 874 432 957 ollares,
455 895 549 959 rogo,
570 894 637 937 non
658 872 779 936 licebat
801 894 891 956 uvas,

305 960 447 1026 Cumano
470 961 599 1045 patinas
620 961 654 1025 in
677 961 757 1025 orbe
780 963 882 1024 tortos

304 1054 360 1114 aut
383 1073 480 1114 unam
503 1051 577 1115 dare
600 1049 769 1133 synihesin
792 1087 835 1095 -
859 1048 936 1131 quid
958 1047 1091 1113 horres?
1114 1086 1158 1095 -

241 1152 271 1199 s
305 1138 453 1204 alborum
476 1138 612 1204 celicum
633 1135 730 1222 etque
754 1136 984 1202 caccaborum?
1189 1153 1223 1201 45

303 1227 359 1291 sed
382 1232 470 1292 certa
491 1228 581 1291 velut
602 1248 726 1310 aequus
749 1225 783 1289 in
807 1229 941 1309 statere,

303 1316 351 1380 nil
372 1320 492 1395 mutas,
515 1316 571 1381 sed
593 1315 678 1379 idem
700 1314 781 1378 mihi
803 1314 961 1398 repondls.

303 1404 381 1489 quid
404 1404 444 1490 si,
467 1426 541 1469 cum
560 1405 640 1468 bene
663 1425 756 1468 mane
780 1403 977 1467 semicrudus

303 1493 437 1558 inlatam
459 1492 522 1557 tibi
546 1493 655 1557 dixero
678 1491 830 1577 salutem,

304 1587 336 1645 51
359 1586 396 1646 15
418 1604 470 1645 me
493 1582 618 1645 vicibus
641 1580 726 1644 domi
750 1580 891 1645 salutes?

303 1674 371 1752 aui,
394 1692 466 1735 cum
489 1692 540 1734 me
563 1670 645 1753 depe
667 1668 786 1733 iuveris
809 1668 931 1752 opima,

304 1762 455 1842 expectes
477 1758 599 1823 similes
621 1762 654 1821 51
677 1758 747 1841 ipse
771 1758 886 1821 cenes?

303 1848 423 1912 irascor
445 1846 521 1933 tibi,
545 1845 662 1930 crype.
704 1846 759 1911 sed
782 1845 916 1929 valebis3

303 1939 431 2000 tantum
452 1958 493 2000 ne
516 1936 609 2020 mihi,
633 1957 695 2018 quo
720 1933 803 1999 soles
825 1933 949 2019 lepore,

304 2030 336 2089 51
358 2046 444 2089 nunc
465 2023 752 2107 hendecasyllabos
774 2023 929 2087 remittes.
1189 2039 1222 2087 55

288 2224 320 2270 38
340 2217 397 2271 suis
416 2217 566 2273 Acontius:
585 2216 648 2271 uvis
665 2218 707 2272 cel
725 2214 787 2269 unis
860 2221 893 2269 39
914 2214 1071 2274 dertusae:
1095 2214 1222 2269 defracta

287 2293 321 2341 40
339 2304 403 2341 nec:
423 2287 468 2343 vel
487 2305 500 2340 c
580 2294 613 2341 41
634 2285 775 2341 cutellum
836 2292 871 2341 43
890 2285 932 2342 in:
955 2285 1001 2341 vel
1019 2285 1153 2341 Heocsiuc

216 2365 250 2412 49
269 2359 401 2414 Inlctam:
420 2358 530 2411 11151555
548 2358 698 2413 Seriverius
755 2356 851 2412 dixero
871 2374 900 2416 s:
920 2355 1015 2411 dixere
1086 2363 1120 2411 64
1138 2373 1173 2410 ne
1192 2373 1222 2415 5:

216 2446 260 2484 me
314 2445 369 2498 quo
389 2431 428 2498 (ς)
447 2429 520 2483 soles
537 2426 632 2501 lepore
652 2447 677 2483 o:
697 2430 773 2497 quod
791 2427 864 2482 soles
882 2426 971 2498 lepori

286 2520 302 2553 1²
317 2532 322 2542 ·
337 2518 425 2553 mnu
439 2532 445 2541 ·
461 2517 566 2553 scscn·
583 2516 714 2553 55554555
729 2531 735 2541 ·
750 2518 828 2553 cmm
862 2500 937 2567 155
952 2529 957 2540 ·
973 2517 1094 2552 55555555
1110 2530 1115 2541 ·
1129 2516 1222 2553 nicffn

216 2591 259 2623 121ss
275 2603 280 2613 ·
296 2592 332 2625 V-
