2925 4192
238 349 351 404 LXVIII
639 345 844 401 PRAEFATIO

281 498 311 557 V
330 501 360 575 3,
379 499 457 557 251:
479 497 572 556 Index
594 509 645 558 ao:
668 497 761 556 Iudex
781 490 841 558 All

353 587 456 646 ‚2752
479 587 520 646 sit
541 598 594 649 au:
617 587 658 645 sic
680 579 740 647 All

378 677 456 735 281:
479 675 586 735 cadent
608 688 641 736 a:
664 674 772 734 cedant
794 687 825 736 c:
847 674 944 734 celent
965 669 1007 735 A:
1030 669 1199 736 caelentll

311 765 340 822 V
359 766 378 823 4
402 766 457 824 tit:
479 763 528 822 Ad
551 763 693 823 Somnum
715 775 768 826 ac:
791 763 917 824 Somnus
939 758 998 824 All

422 853 456 912 8:
478 855 615 912 recusent
637 865 670 915 a:
692 853 827 913 revisunt
848 865 880 914 o:
902 853 1033 913 revisent
1054 847 1113 914 All

310 942 338 999 V
357 942 376 1001 5
400 944 456 1002 tit:
477 941 527 1000 Ad
548 941 649 1002 Musas
672 955 704 1003 a:
737 938 955 1001 EPIOEDION
985 941 1031 1000 IN
1057 941 1198 1001 FILIVM
1220 955 1252 1004 c:

479 1030 642 1107 Epicadion
664 1031 696 1088 in
717 1050 844 1106 puerum
866 1049 952 1091 suum
974 1024 1034 1091 All

403 1120 457 1178 73:
481 1122 563 1179 artus
586 1133 619 1182 a:
643 1121 742 1178 arctus
764 1131 796 1180 o:
819 1121 901 1179 ortus
923 1112 983 1180 All

403 1211 421 1356 Ξ
425 1209 458 1267 5:
480 1202 1253 1357 penetravep'pla:properaveratoeproperaveritdll

426 1300 458 1356 7:
482 1317 497 1356 6
520 1309 572 1360 ac:
595 1317 614 1356 a
696 1344 702 1356 .

310 1403 416 1481 quibus
438 1403 512 1463 locis
535 1406 595 1462 tres
613 1403 691 1463 addo
714 1403 767 1462 ubi
788 1404 910 1462 leodem
928 1422 998 1464 suae
1018 1398 1076 1462 ‘c0'
1096 1402 1255 1479 adscripsit

243 1493 424 1568 Politianus‚
447 1510 521 1568 quos
543 1493 645 1551 tamen
668 1511 704 1551 ex
726 1492 826 1552 codice
848 1492 1002 1570 Poggiano
1031 1495 1164 1570 sumptos
1191 1509 1254 1551 esse

246 1580 399 1660 probabile
423 1582 481 1641 cst:

286 1670 461 1745 V1,189:
484 1669 529 1728 De
552 1682 604 1732 ao:
626 1668 674 1729 Da
695 1663 755 1731 All

310 1758 338 1816 V
358 1762 388 1834 s,
407 1760 462 1817 24:
484 1757 542 1817 tibi
564 1771 616 1821 ao:
639 1761 673 1818 tu
694 1753 754 1820 All

310 1846 339 1905 V
359 1848 388 1923 5,
408 1850 463 1907 19:
484 1847 580 1908 levior
602 1860 653 1910 ab:
676 1848 783 1909 leviter
804 1843 864 1910 All

245 1975 280 2014 ex
298 1954 345 2014 bis
362 1954 457 2032 igitur
474 1954 547 2014 locis
561 1953 622 2015 iere
639 1955 781 2014 trecentis
798 1955 911 2013 multae
925 1955 984 2015 nisi
998 1975 1033 2014 ex
1047 1955 1146 2014 codice
1166 1957 1256 2012 notae

244 2045 400 2121 promptae
429 2061 491 2103 esse
518 2062 578 2102 non
605 2045 743 2120 possunt,
765 2043 973 2120 plerarumque
997 2043 1033 2102 de
1060 2044 1173 2121 origine
1205 2043 1256 2101 ad·

245 2132 367 2191 modum
389 2131 552 2207 probabilis
576 2132 745 2191 coniectura
767 2134 825 2206 est,
852 2133 955 2207 paucis
981 2131 1054 2191 locis
1080 2134 1111 2191 et
1140 2132 1176 2190 de
1203 2149 1256 2190 suo

247 2221 348 2297 potuit
370 2220 489 2278 haurire
511 2219 679 2278 Politianus
701 2220 862 2298 genuinam
884 2212 1082 2303 lectionem.¹)

317 2307 397 2383 quod
414 2302 659 2367 Lundstroemius
678 2298 881 2389 (quaestiones
895 2308 1087 2384 Papinianae.
1115 2308 1258 2385 Upsaliae

249 2397 333 2455 1893
353 2415 381 2471 p.
399 2388 483 2477 lsq.)
502 2395 701 2455 demonstrare
721 2396 836 2456 studuit
854 2415 955 2458 omnes
974 2401 1157 2458 correcturas
1182 2416 1257 2474 quse

247 2487 318 2543 nota
337 2486 447 2559 carent,
462 2504 497 2570 es
510 2483 664 2563 Poggieno
678 2485 802 2544 haustas
820 2503 883 2545 esse
905 2505 965 2546 non
978 2488 1060 2546 recta
1073 2487 1123 2547 via
1140 2487 1259 2546 videtur

247 2591 310 2632 esse
328 2590 508 2651 progressus.
542 2573 717 2633 damnavere
731 2575 826 2652 igitur
838 2574 897 2634 viri
914 2575 995 2634 docti
1014 2575 1094 2651 quod
1110 2575 1162 2633 1116
1181 2593 1258 2636 asse·

249 2664 335 2723 cutus
367 2663 448 2736 erut,
485 2662 521 2721 of.
554 2661 761 2737 Skutschium‚
788 2663 866 2723 Berl.
898 2663 1002 2739 philol.
1034 2663 1137 2723 Woch.
1172 2665 1257 2723 1894

248 2772 277 2828 p.
298 2751 383 2809 1514
416 2754 446 2810 et
476 2750 580 2812 Jahrb.
603 2751 624 2809 f.
645 2751 752 2810 Philol.
776 2749 911 2811 oxuvn
935 2744 1050 2833 (1893)
1078 2773 1108 2829 p.
1131 2754 1195 2811 469
1214 2771 1258 2827 sq.

247 2843 350 2900 tamen
374 2858 440 2898 cum
466 2839 546 2898 idem
567 2839 628 2898 fore
654 2859 708 2918 ego
737 2841 887 2900 docuerim
914 2841 965 2900 sod
992 2841 1052 2900 alia
1079 2844 1110 2900 et
1136 2859 1172 2900 ea
1198 2860 1259 2900 cer-

248 2929 324 2988 tiore
356 2929 471 2988 ratione
503 2948 588 3005 usus,
620 2948 716 3006 pauca
744 2929 862 2990 adnoto.
901 2931 1051 3006 profectus
1083 2932 1183 2989 autem
1214 2933 1260 2989 est

249 3016 493 3078 Lundstroemius
516 3037 535 3077 a
557 3019 715 3079 collatione
737 3019 881 3079 Politisni
910 3020 950 3078 ad
973 3018 1168 3078 Columellam
1191 3038 1259 3078 oon-

250 3106 329 3164 16616
356 3124 434 3164 anno
463 3108 557 3165 1493.
603 3106 778 3183 subscripsit
808 3109 887 3166 enim
913 3109 1049 3169 Parisino
1078 3106 1259 3167 Columellas

249 3185 456 3275 exemplari²):
479 3196 584 3254 contuli
606 3196 657 3255 bos
677 3195 831 3279 colomella,
854 3198 942 3257 libros
965 3215 1014 3272 epo
1032 3194 1164 3272 Aapcbcs
1181 3197 1259 3255 Poli-

251 3286 349 3343 uanos
368 3283 562 3345 conductus
586 3287 797 3362 amalaricus
816 3287 905 3346 altero
923 3287 1039 3359 quiden
1059 3287 1259 3353 vuwdssmo,

251 3372 440 3446 luccpobcrdis
462 3379 580 3434 cassato
599 3377 708 3444 litteris,
728 3394 762 3435 ec
773 3377 897 3450 privato
914 3376 1030 3461 Medicp
1044 3377 1139 3449 perdis
1162 3375 1260 3432 biblio·

324 3566 338 3613 1
368 3558 399 3612 in
407 3559 566 3613 universum
580 3560 615 3613 de
623 3559 757 3614 Politiani
766 3560 841 3615 notis
855 3566 929 3617 recto
940 3561 1076 3618 iudicavit
1085 3559 1258 3616 Skutschius.

324 3561 351 3700 23
371 3629 405 3686 cf.
425 3631 575 3698 Hdussner‚
594 3631 640 3684 die
658 3629 910 3686 handsohriftliche
928 3620 1143 3702 llberlieferung
1161 3632 1210 3685 des
1229 3631 1259 3687 L.

254 3701 354 3756 Iunius
372 3701 533 3758 Moderatus
552 3701 712 3757 Columella.
749 3719 842 3772 progr.
862 3701 1014 3757 Caroliruh.
1034 3709 1102 3758 1889
1121 3721 1149 3772 p.
1165 3709 1206 3756 10.
