2925 4192
588 370 773 447 euvinuu
791 370 820 425 u.
836 370 882 438 iv,
898 376 921 424 3.
1198 369 1259 433 101

340 520 394 583 eni
431 522 464 581 et
486 516 569 581 oolla
591 519 679 581 rotet
700 516 856 600 novisque
879 515 944 579 lete

341 604 656 689 baoohetur'spetiis
678 604 828 688 viamque
851 603 963 687 replet.

250 744 252 750 ι
343 701 422 761 tuno
445 694 491 759 sio
512 694 659 780 virgineo
682 694 831 777 profatur
854 714 921 758 ore:

408 783 580 869 ε(1100111111,
602 782 711 847 veniet
723 820 769 829 --
782 786 909 846 manete
933 780 1036 865 compi

340 878 437 957 etque
460 872 563 936 amnis
586 910 638 957 —,
661 871 770 936 veniet
791 871 919 935 favente
943 870 1040 955 oeelo,
1212 887 1262 936 110

341 963 396 1048 qui
418 961 549 1027 foedum
570 982 684 1025 nemus
706 963 741 1025 et
762 964 876 1044 putres
898 959 1034 1024 harenas

339 1050 432 1116 eelsis
454 1049 611 1135 pontibus
632 1053 667 1114 et
687 1049 742 1113 uie
763 1048 892 1113 levabit.

250 1173 272 1191 ν
339 1142 395 1205 en!
431 1139 485 1204 hio
507 1142 556 1203 est
579 1139 670 1222 deus,
692 1138 779 1202 buno
802 1137 893 1202 iubet
916 1137 1022 1202 bostis

339 1250 399 1313 pro
422 1250 456 1293 se
478 1226 628 1312 Iuppiter
649 1227 809 1311 imperare
831 1226 939 1311 terris;
1018 1246 1020 1253 ·

339 1340 404 1402 quo
426 1339 492 1382 non
516 1316 644 1403 dignior
665 1316 725 1380 has
748 1315 838 1380 subit
860 1315 1018 1401 habenae,
1212 1333 1263 1381 110

340 1430 380 1471 ex
404 1428 468 1491 quo
491 1428 543 1470 me
566 1405 646 1469 duee
668 1405 830 1488 praescios
852 1404 973 1469 Averni
1159 1424 1161 1429 ’

339 1495 466 1560 Aeneas
489 1494 580 1559 auide
602 1494 712 1558 future
736 1515 892 1578 quaerens

339 1585 430 1649 luoos
453 1587 486 1647 et
509 1583 691 1667 penetravit
714 1587 748 1647 et
770 1582 910 1666 reliquit.

341 1672 395 1737 hio
416 1671 490 1756 paoi
514 1672 632 1754 bonus,
654 1671 708 1735 hie
729 1671 892 1735 timendus
915 1671 1027 1754 simio,

339 1761 466 1827 Natura
488 1759 602 1825 melior
624 1760 862 1844 potentiorque.

340 1849 394 1914 bio
417 1849 445 1913 si
467 1848 686 1933 flammigeros
707 1852 833 1912 teneret
856 1870 946 1931 enee,

340 1938 454 2023 largis,
475 1935 579 2019 Indis,
601 1935 747 2000 nubibus
770 1935 926 2021 moderes,

340 2027 476 2092 undaret
498 2026 615 2109 Libye,
638 2028 765 2108 teperet
787 2024 938 2089 Haemus.
959 2050 961 2055 ·
996 2076 997 2081 ,

341 2116 442 2200 salve,
465 2114 530 2178 dux
552 2113 721 2179 hominum
745 2118 778 2177 et
800 2134 917 2197 parens
941 2113 1086 2200 deorum,

339 2204 504 2289 provisum
525 2202 606 2267 mibi
630 2202 859 2287 eonditumque
882 2224 1009 2267 numen.

339 2315 400 2359 neo
422 2293 487 2357 iam
509 2291 663 2375 putribus
676 2291 815 2356 evolute
838 2290 958 2356 obortis

340 2381 490 2447 sollemni
512 2402 608 2465 preoe
631 2380 815 2464 quindecim
837 2380 980 2445 virorum

340 2471 503 2556 perlustra
524 2491 596 2534 mee
618 2470 717 2553 diets,
741 2469 797 2533 sed
820 2474 987 2534 canentem

340 2560 444 2643 ipsam
467 2560 659 2644 oomminus,
681 2564 719 2623 ut
741 2559 887 2643 mereris,
909 2558 992 2623 audi.

339 2647 406 2711 vidi
430 2669 526 2731 quam
549 2648 665 2712 seriem
686 2648 841 2711 merentis
864 2648 934 2711 aevi

341 2739 533 2819 pronectant
555 2735 618 2800 tibi
642 2735 794 2799 candidae
818 2758 955 2801 sorores:

340 2845 478 2924 magnus
500 2827 533 2887 te
556 2828 665 2887 menet
688 2822 766 2888 ordo
790 2824 1001 2908 saeculorum,

339 2916 426 2977 natis
448 2911 577 2998 longior
598 2911 881 2995 abnepotibusque

341 3023 443 3066 annos
466 3004 624 3085 perpetue
649 3022 743 3086 geres
766 3000 909 3087 iuuenta,

342 3112 423 3175 quos
445 3091 549 3154 fertus
570 3089 715 3173 placidos
738 3089 842 3154 adisse
864 3089 997 3173 Nestor,
1212 3109 1263 3157 100

342 3201 424 3264 quos
445 3178 598 3244 Tithonia
621 3182 790 3263 computat
813 3183 961 3243 senectus

341 3274 374 3333 et
397 3273 536 3353 quantos
559 3291 620 3354 ego
642 3268 774 3333 Delium
796 3268 939 3352 poposoi.

324 3448 376 3496 125
394 3408 508 3498 favente
527 3460 557 3501 ςε
576 3444 669 3499 favete
724 3451 776 3498 131
795 3444 955 3499 bonus1¹2
976 3444 1071 3499 boniss
1129 3450 1180 3500 140
1199 3460 1262 3500 eon-

253 3514 412 3582 ditumque:
440 3514 676 3583 eognitumques
750 3514 997 3570 1410111110
1015 3516 1150 3571 Heinsius
1221 3533 1263 3571 se·

251 3584 321 3639 n'em
340 3604 369 3644 5:
389 3583 476 3639 series
546 3585 692 3640 merentis:
710 3587 831 3642 meantis
850 3586 994 3641 Kreteiue
1066 3586 1263 3657 implacidos

252 3655 358 3711 odisse:
375 3653 415 3725 pl.
433 3654 527 3711 obisse
545 3676 571 3714 e:
590 3656 720 3728 placidus
740 3659 847 3713 subisse
865 3658 999 3714 Heinsius
1072 3662 1122 3711 161
1142 3657 1263 3715 tithonis

251 3725 303 3781 1¹:
322 3725 448 3781 cithonio
1043 3732 1046 3737 '
