2925 4192
623 345 653 399 P.
672 342 796 397 PhPlNl
814 343 932 398 STATII

270 490 378 575 qualia
400 489 560 574 pallentes
582 488 746 553 declinant
768 488 838 553 lilia
861 488 983 553 culmos

269 579 495 663 pubentesque
518 600 610 643 rosae
631 578 755 661 primos
778 577 960 642 moriuntur
982 577 1024 641 ad
1045 582 1185 663 austros,

269 672 326 732 aut
312 667 407 731 tubi
429 689 528 731 verna
549 666 641 731 novis
664 666 791 751 expirat
815 688 959 767 purpura
982 665 1093 749 pratis.
1229 684 1279 732 130

270 754 866 841 illosagittden,circumvolitastt1s,
889 755 1038 841 Amores,

268 846 383 909 funera
405 848 614 929 maternoque
636 865 733 929 rogos
756 843 896 908 unxistis
919 865 1058 929 amom03

268 956 328 998 nec
350 933 464 997 modus
487 936 542 996 aut
566 931 681 1016 pennis
703 932 817 997 laceris
840 936 896 996 aut
919 930 1094 996 crinibus
1085 954 1195 1018 ignem

222 1054 230 1080 ι
267 1043 430 1108 spargere,
453 1022 670 1105 collectaeque
691 1043 807 1105 pyram
830 1024 975 1085 struxere
998 1020 1176 1105 pharetrae.

269 1133 349 1195 quas
372 1114 449 1175 tunc
472 1109 604 1174 inferias
626 1114 683 1173 aut
706 1132 787 1194 quae
809 1110 951 1174 lamenta
974 1109 1114 1175 dedisses
1228 1128 1278 1176 135

268 1198 439 1284 maternis,
460 1198 611 1282 Etnrsce,
632 1198 734 1284 rogis,
759 1198 814 1282 qui
837 1199 950 1263 funera
972 1199 1077 1282 patris

268 1288 356 1352 haud
373 1292 501 1352 matura
518 1290 615 1371 putas
633 1290 731 1371 atque
748 1288 809 1352 hos
826 1287 901 1371 pius
919 1287 1057 1372 ingemis
1075 1290 1188 1352 annos!

268 1378 362 1444 illum
385 1380 418 1440 et
440 1376 497 1460 qui
518 1380 601 1440 nutu
625 1398 758 1459 superas
781 1399 865 1441 nuno
888 1380 1048 1459 temperat
1071 1397 1172 1461 arcos,

268 1464 457 1551 progeniem
479 1464 600 1528 claram
620 1465 716 1529 terris
739 1466 881 1548 partitus
903 1470 936 1529 et
959 1464 1066 1550 astris,

267 1555 374 1618 laetus
394 1551 537 1636 Idymaei
560 1553 691 1617 donavit
714 1553 836 1618 honore
858 1553 1017 1637 triumphi
1228 1571 1279 1619 140

268 1642 484 1742 dignatusque
507 1641 578 1706 loco
601 1641 743 1706 victricis
766 1647 799 1706 et
822 1642 932 1706 ordine
955 1664 1094 1727 pompae

267 1753 335 1795 non
357 1735 446 1794 vetur
437 1731 470 1815 ',t
492 1734 672 1831 tenuesque
693 1730 777 1795 nihil
797 1730 943 1795 minuere
966 1736 1125 1815 parentes

267 1823 367 1903 atque
391 1781 508 1883 idenl
499 1842 533 1883 m
556 1841 674 1884 cimeos
696 1819 821 1904 populo
844 1819 976 1884 deduxit
962 1824 1112 1903 tteques
1113 1842 1164 1883 res

267 1908 470 1992 mutavitque
492 1930 595 1994 genus
616 1910 788 1993 laevaeque
810 1908 957 1996 ignobile
980 1909 1101 1973 ferrum

268 1996 360 2061 exuit
382 2001 415 2061 et
439 1998 524 2061 celso
546 2001 697 2062 natorum
720 1997 872 2080 aequauit
894 1997 1057 2062 honorem.
1139 2014 1140 2017 ’
1227 2015 1278 2063 145

184 2137 189 2158 ,
267 2087 382 2151 dextra
404 2086 456 2150 bis
479 2086 605 2149 octonis
626 2087 791 2150 fluxemmt
814 2086 940 2151 saecula
961 2086 1086 2170 lustris,

267 2179 365 2259 atque
388 2173 459 2238 sevi
481 2174 550 2237 sine
571 2174 659 2238 nubo
682 2179 783 2238 tenor.
825 2196 922 2258 quam
944 2174 1090 2239 diresin
1114 2198 1190 2239 usus

266 2267 418 2327 natorum
440 2266 575 2346 totoque
597 2263 709 2327 volens
733 2263 884 2329 excedere
907 2286 1019 2347 censu,

267 2351 362 2415 testis
385 2351 489 2414 adhue
511 2350 596 2436 largi
617 2351 706 2415 nitor
727 2352 802 2415 indo
825 2352 976 2417 onustus
998 2353 1142 2436 Etrusci,

268 2439 320 2503 cui
343 2442 487 2504 tuanen
509 2439 641 2503 humilis
663 2439 750 2503 dedit
773 2440 974 2527 indulgentia
996 2464 1111 2506 mores.
1226 2460 1277 2508 150

268 2527 354 2592 hamo
376 2526 535 2612 siquidem
556 2528 709 2612 amplexu
731 2550 859 2613 semper
881 2534 1049 2594 revocante
1071 2531 1207 2595 tenebas

269 2616 408 2681 blandus
426 2620 459 2680 et
481 2616 618 2700 imperio
637 2638 812 2700 numquam
831 2622 935 2702 pater,
958 2618 1054 2683 huius
1072 2617 1187 2682 honori
1304 2618 1307 2629 ’

340 2814 390 2862 128
408 2808 461 2862 tit.
480 2809 582 2863 Afric.
606 2809 652 2878 (cf.
670 2808 763 2878 Gsell,
789 2810 863 2863 reeh.
881 2810 1002 2864 archeol.
1020 2826 1057 2863 en
1074 2810 1188 2879 Algerie
1208 2817 1276 2865 1833

266 2899 294 2949 p.
309 2885 361 2933 270
375 2883 405 2934 et
417 2880 578 2949 Buecheler,
593 2882 671 2935 auth.
685 2880 772 2950 epigr.
787 2880 813 2933 ΙΙ
828 2883 907 2950 1737)
922 2925 927 2935 .
941 2880 1061 2936 ¹allento
1077 2880 1136 2965 [sslf]
1152 2882 1278 2937 ochnant

267 2950 320 3003 llia
337 2954 412 3020 (sici)
435 2952 509 3005 culm
528 2994 720 3007 ........
741 2967 791 3019 esq
817 2968 896 3007 rosae
923 2952 1028 3021 primos
1054 2956 1211 3007 moriuntur
1240 2954 1277 3007 ad

269 3064 460 3077 ........
479 3022 608 3077 vernonis
626 3026 701 3092 (sici)
719 3023 830 3091 expirat
847 3039 970 3092 purpure
987 3023 1084 3093 pratis.

340 3204 390 3252 130
408 3198 506 3258 ubis·
524 3198 579 3253 tibi
687 3204 737 3253 132
757 3202 986 3269 maternoques·
1009 3202 1205 3270 maternosque

203 3326 209 3339 ,
269 3276 319 3324 134
337 3268 539 3337 collectaeque:
554 3269 731 3339 collataeque
748 3272 913 3327 Gronovius.
929 3270 1127 3340 coniectaeque
1141 3272 1277 3329 Heinsius

339 3345 390 3394 136
407 3340 572 3398 Etruscos
599 3343 710 3395 etrusca
783 3347 833 3395 138
851 3345 1038 3411 temperate:
1067 3345 1204 3425 temperet

269 3418 317 3466 141
338 3410 537 3483 dignatusque·
555 3410 764 3493 ,dignatumque
783 3414 955 3468 Koestticius
1026 3417 1067 3469 et:
1086 3412 1117 3467 in
1135 3415 1277 3471 Baehrens

269 3488 319 3536 143
336 3499 392 3553 pop
393 3482 440 3537 ulo
459 3480 577 3536 deduxit
597 3484 670 3538 Otto.
697 3483 816 3552 populos
840 3483 969 3539 deduxit·
996 3485 1101 3554 populo
1124 3488 1153 3539 te
1177 3484 1276 3540 eduxit

267 3555 459 3609 Boc-mancus:
478 3552 582 3623 populo
601 3554 713 3607 seduxit
730 3554 871 3610 Bactrus
943 3561 993 3610 145
1013 3555 1132 3611 eolso-
1141 3557 1276 3611 honorem

268 3626 422 3680 Krelua'us.
455 3624 590 3679 celso-
617 3624 735 3679 honore·
768 3626 900 3680 celse-
925 3626 1025 3681 honori
1052 3627 1204 3684 Salmasius

267 3701 319 3751 146
337 3694 441 3750 ottonis
