2925 4192
585 359 792 416 PRAEFATIO
1156 366 1196 425 Π

88 461 90 560 i
180 508 314 584 adsolet)
335 511 500 583 dilipcatc'o:
532 515 584 568 aot
609 512 681 570 milet
708 514 886 572 delecteris
913 515 1050 573 studioses
1076 521 1199 579 nocem

183 599 275 674 Quem
311 601 340 658 si
375 599 493 658 cadom
529 602 668 668 tacerent,
701 603 785 659 oderi
821 602 961 661 librorum
993 605 1195 674 cromdowrea

88 687 89 732 ἕ
181 690 396 760 &udascalcus
416 689 534 760 priores
555 691 653 748 micus
675 689 764 748 molto
791 686 899 750 laboris
921 694 954 750 tre
975 693 1030 750 loe
1051 711 1084 752 re
1105 712 1195 767 poam

88 789 89 796 ¹
179 794 261 836 cunc
282 778 423 836 habands
444 777 621 836 hebdomas.
666 779 744 846 cale,
768 781 818 851 qut
840 780 926 853 lepis:
950 783 1073 854 etquod
1094 783 1193 842 sedulo

88 897 89 912 ι
180 867 318 938 fertones:
342 881 427 944 quse
449 863 530 925 Boni
553 867 675 927 mosaic.

696 956 780 1014 Toeto
801 952 933 1030 Ampelos
954 957 1127 1018 Polittomes.

250 1080 378 1137 alterum
404 1078 609 1137 testimonium
640 1079 679 1137 ad
700 1098 819 1139 versum
850 1080 909 1156 14,
924 1082 988 1140 86⁸·
1013 1082 1194 1160 adscriptum

181 1170 240 1228 est:
262 1169 309 1226 lle
331 1184 433 1226 versos
455 1168 532 1227 deest
552 1175 564 1225 i
587 1169 659 1226 doro
682 1171 873 1228 oetesttsstmo
890 1173 992 1245 poppil
1016 1174 1066 1244 qai
1088 1189 1103 1230 e
1128 1191 1192 1246 yer-

180 1259 286 1316 macto
307 1259 341 1314 ia
363 1256 457 1314 Italici
479 1259 494 1316 ἒ
517 1257 635 1314 relatos.

249 1345 330 1421 quod
349 1345 468 1404 videtur
488 1363 550 1404 osse
573 1345 729 1404 discrimen
755 1346 833 1405 inter
856 1350 1015 1422 utumque
1035 1348 1133 1407 locum
1149 1381 1191 1390 —

181 1435 279 1492 altero
304 1453 339 1492 ex
362 1431 471 1508 Gallia,
495 1434 589 1492 altero
613 1454 648 1492 ex
672 1433 832 1493 Germania
859 1436 989 1495 codicem
1015 1437 1047 1494 in
1069 1437 1191 1495 Italiam

180 1525 418 1600 transportatum
449 1521 523 1580 dicit
553 1522 720 1582 Politianus
747 1555 785 1564 -
815 1524 987 1583 iamdudum
1019 1544 1038 1584 a
1068 1525 1192 1585 Wachs-

180 1612 297 1670 muthio
317 1613 347 1670 ot
364 1611 481 1670 Blassio
488 1602 514 1692 1)
534 1610 713 1687 explicatum
731 1615 790 1671 est:
807 1613 946 1673 Helvetia
964 1614 1074 1673 librum
1092 1617 1191 1673 oriun-

181 1701 255 1758 dum·
276 1718 338 1758 esse
361 1701 427 1776 ipsa
449 1700 545 1777 Poggi
569 1700 699 1776 epistula
722 1701 949 1762 demonstratur.

250 1789 329 1848 notis
348 1789 527 1848 autemillis
546 1780 603 1869 (A)
623 1789 798 1865 exemplaris
817 1789 983 1850 Oorsiniani
1001 1784 1050 1872 (a)
1068 1791 1192 1866 plurimi

182 1878 241 1937 viri
264 1895 384 1954 operam
407 1877 558 1936 dederunt.
594 1878 709 1953 primus
732 1877 768 1935 de
790 1880 832 1938 eis
855 1879 945 1938 verba
967 1880 1039 1938 fecit
1054 1880 1190 1940 Hendius

184 1967 254 2026 edit
269 1967 361 2043 praef.
375 1986 404 2042 p.
418 1965 495 2024 XXI.
519 1965 597 2024 unde
611 1985 665 2025 sua
677 1965 779 2025 hausit
792 1966 938 2036 Queclrius
953 1967 1021 2026 edit.
1035 1968 1128 2043 praef.
1137 1968 1196 2027 IV.-

182 2058 248 2114 tum
270 2055 518 2115 Foerstemannus
545 2057 632 2113 notas
658 2055 788 2131 inspexit
814 2056 846 2113 in
868 2055 985 2113 lmhofii
1011 2074 1111 2131 usum,
1139 2057 1189 2132 qui

183 2148 302 2204 centum
323 2145 385 2202 fere
413 2145 486 2202 locis
513 2144 672 2203 manifesta
700 2143 808 2203 codicis
831 2144 977 2222 Poggiani
1003 2145 1131 2221 vestigia
1158 2164 1189 2204 se

182 2233 407 2310 deprehendisse
435 2233 486 2291 ait.
531 2232 658 2292 Nohlius
690 2231 816 2308 denique
844 2233 896 2309 qui
926 2233 1005 2291 male
1031 2232 1190 2292 lmhofium

181 2322 329 2381 intellexit
351 2313 394 2402 (p.
410 2313 467 2402 29)
491 2321 647 2380 collatione
672 2341 775 2380 earum
801 2321 1024 2382 accuratissima
1049 2340 1121 2382 usus
1144 2325 1189 2382 est

183 2429 270 2486 quam
286 2409 444 2487 Adelphus
462 2408 613 2487 Kiessling
635 2413 666 2470 et
684 2409 802 2470 Ulricus
820 2410 950 2470 Koohler
966 2410 1100 2488 Hauptio
1119 2430 1188 2487 sup·

182 2500 396 2574 peditaverant.
442 2517 510 2557 cum
549 2518 619 2558 vero
660 2499 706 2557 illi
738 2502 860 2576 propter
899 2501 1042 2575 temporis
1081 2501 1189 2560 aestivi

182 2588 371 2664 iniquitatem
393 2587 503 2646 librum
525 2589 607 2647 ouius
635 2588 715 2647 folia
731 2589 858 2665 spongia
880 2589 990 2647 detrita
1013 2588 1187 2647 difficillime

183 2678 407 2754 cognoscuntur,
420 2695 479 2735 non
498 2695 532 2735 ea
552 2695 611 2752 qua
628 2676 692 2735 fieri
705 2695 792 2754 posse
809 2676 957 2753 putabant
974 2677 1187 2751 perspicuitate

182 2766 286 2844 legisse
310 2764 367 2824 sibi
389 2765 447 2824 visi
470 2766 581 2840 essent,
603 2765 749 2824 Hemicus
771 2765 866 2825 Kruse
888 2765 998 2823 iterum
1019 2765 1105 2823 illam
1126 2765 1187 2822 edi-

182 2855 290 2914 tionem
314 2853 471 2929 consuluit,
492 2854 574 2912 ouius
598 2853 805 2912 adnotationes
827 2853 936 2912 Hosius
959 2853 1054 2911 denuo
1078 2853 1186 2912 exami-

182 2944 271 3005 navit.
316 2942 425 3001 horum
447 2943 620 3001 collationes
643 2941 776 3001 Krohnio
798 2941 929 3016 miliique
951 2943 1070 3017 praesto
1094 2944 1187 3001 erant.

88 3019 89 3056 ³
185 3031 327 3108 quaedam
350 3031 423 3090 olim
444 3031 518 3088 mihi
539 3031 703 3108 Drerupius
727 3030 839 3089 amicus
862 3031 1003 3089 enotavit.
1032 3033 1187 3106 praeterea

88 3177 89 3206 ¹
183 3120 399 3198 Zangemeister
428 3121 526 3178 totum
558 3121 707 3197 exemplar
735 3117 941 3178 Gorsiuiaunm
968 3119 1187 3197 depingendum

88 3231 89 3270 3
183 3210 296 3269 curavit
326 3209 572 3286 photographiee‚
605 3209 710 3284 quibus
737 3207 849 3266 tabulis
875 3207 1009 3266 Vollmer
1034 3227 1105 3268 usus
1132 3210 1186 3284 est,

88 3309 89 3320 ¹
185 3300 231 3374 qui
254 3298 370 3374 etipse
394 3297 583 3356 collationem
611 3316 694 3356 suam
720 3291 794 3354 milii
821 3296 1097 3356 benevolentissime
1118 3316 1185 3374 per·

88 3367 89 3418 i
183 3387 269 3446 misit.
315 3389 405 3462 atque
432 3387 468 3443 ut
494 3406 585 3445 unum
613 3405 824 3462 praemoneam
845 3386 940 3444 multo
963 3387 1030 3462 plus
1053 3385 1187 3446 Vollmer

184 3475 247 3534 sibi·
256 3476 441 3552 perspexisse
463 3475 543 3536 visus
567 3476 612 3534 est
635 3495 724 3551 quam
749 3476 891 3551 quiante
915 3495 982 3534 eum
1006 3475 1075 3533 illas
1097 3476 1185 3534 notas

251 3717 276 3782 1)
295 3718 329 3783 cf.
349 3717 420 3771 Mus.
439 3715 526 3770 Rhen.
540 3715 604 3768 XIX
620 3717 710 3788 (1874)
728 3734 753 3785 p.
772 3721 832 3771 355.
850 3713 926 3768 XXX
940 3715 1031 3852 (1835.)
1049 3719 1148 3782 p.461.
