2925 4192
534 391 718 446 sirmium
736 392 766 445 1.
782 391 815 461 v,
831 399 854 447 1.
1138 394 1200 457 123

187 536 270 620 quid
291 536 397 601 Rheni
416 536 534 600 vexilla
555 538 673 620 ferant,
690 541 853 621 quantum
872 538 1005 601 ultimus
1024 538 1112 603 orbis
1167 556 1200 604 90

190 624 322 689 cesserit
345 628 378 689 et
400 625 514 711 refugo
537 625 736 690 circumsona
758 625 888 711 gurgite
911 625 1014 709 Thyle

76 716 80 746 ³
189 752 230 759 —
259 713 367 778 omnia
388 736 463 777 nam
485 714 586 778 laetas
610 714 677 798 pila
700 714 883 778 attollentia
904 714 1046 798 frondes

190 802 345 885 nullaque
368 803 490 866 famosa
513 802 660 888 signatur
682 802 792 867 lancea
814 825 919 886 penna
942 828 998 887 -3

184 894 372 975 praeterea,
394 890 477 955 fidos
500 890 648 956 dominus
669 891 698 955 si
720 891 842 956 diuidat
866 912 970 976 enses,

190 979 344 1063 pandere,
367 978 439 1062 quis
462 983 590 1044 centum
612 980 718 1045 valeat
740 980 878 1065 frenare,
901 980 1060 1064 maniplos
1166 999 1198 1046 95

189 1068 274 1131 inter
296 1067 412 1131 missus
434 1089 546 1155 eques,
570 1068 643 1153 quis
664 1068 866 1152 praecepisse
890 1068 1028 1155 cohorti,

188 1178 285 1239 quem
308 1156 418 1221 deceat
440 1155 517 1221 clari
540 1157 758 1241 praestantior
781 1157 857 1221 ordo
882 1156 1022 1243 tribuni,

188 1244 337 1329 quisnam
359 1244 539 1331 frenigerae
562 1246 692 1332 signum
715 1245 790 1309 dare
815 1245 943 1331 dignior
965 1246 1047 1331 alae;

187 1333 276 1397 mille
299 1333 397 1397 etiam
420 1356 591 1418 praenosse
614 1334 712 1417 vices,
736 1356 777 1397 an
800 1334 946 1399 merserit
970 1358 1064 1421 agros

185 1421 295 1505 Nilus,
318 1445 359 1487 an
381 1422 548 1488 imbrifero
570 1422 675 1506 Libye
698 1422 862 1487 sudaverit
885 1427 1007 1508 austro;
1148 1442 1198 1488 100

76 1584 80 1590 A
186 1515 364 1595 cunctaque
383 1511 410 1575 si
428 1533 607 1598 numerem,
625 1534 691 1576 non
709 1513 804 1596 plura
822 1511 1000 1595 interprete
1021 1513 1112 1598 virge

186 1598 316 1663 nuntiat
339 1621 378 1662 ex
401 1599 494 1665 celsis
516 1600 583 1665 ales
605 1600 797 1687 Tegeaticus
819 1600 914 1665 astris

188 1708 334 1770 quaeque
358 1686 442 1751 cadit
464 1687 604 1772 liquidas
626 1688 761 1753 Iunonia
783 1688 875 1775 virgo
899 1711 958 1772 per
981 1711 1074 1754 auras

188 1779 221 1839 et
244 1775 405 1859 picturato
429 1775 576 1859 pluvium
597 1777 680 1863 ligat
702 1799 777 1841 aera
800 1800 881 1862 gyro

187 1885 333 1947 quaeque
355 1868 429 1927 tuas
449 1864 560 1929 laurus
583 1865 718 1949 volucri,
742 1864 942 1950 Germanice,
965 1888 1061 1931 cursu
1146 1884 1196 1931 101

187 1952 286 2016 Fama
303 1951 393 2016 vehit
411 1974 600 2039 praegressa
618 1952 703 2017 diem
720 1953 913 2036 tardumque
932 1954 993 2018 sub
1013 1954 1109 2018 astris

77 2079 78 2082 =
186 2040 313 2105 Arcada
331 2044 364 2105 et
382 2042 416 2104 in
434 2041 539 2105 medio
557 2040 677 2125 linquit
695 2041 931 2107 Thaumantida
949 2043 1044 2108 caelo.

76 2137 78 2212 Ῐ
187 2129 316 2213 qualem
334 2133 367 2193 te
386 2129 510 2214 superi,
527 2129 686 2213 Priscilla,
704 2130 915 2213 hominesque
935 2130 1076 2217 benigno

186 2240 340 2302 aspexere
364 2218 429 2303 die,
451 2240 524 2282 oum
548 2218 688 2302 primum
710 2218 900 2305 ingentibus
923 2219 1002 2284 actis

77 2331 78 2358 1
185 2307 335 2371 admotus
358 2306 511 2371 coniunx!
547 2307 655 2372 vicisti
677 2307 795 2393 gaudia
817 2330 919 2391 paene
1148 2327 1197 2374 110

77 2449 79 2480 :
186 2395 302 2479 ipsius,
325 2396 427 2460 effuso
450 2395 526 2460 dum
549 2401 679 2479 pectore
703 2417 806 2480 prone
829 2401 970 2461 sacratos

77 2527 79 2532 ·
186 2483 382 2567 antepedes
405 2484 496 2548 avide
520 2484 641 2549 domini
663 2489 732 2549 tam
755 2507 873 2571 magna
895 2485 1049 2551 merentis

186 2572 332 2636 volveris.
377 2571 483 2638 Aonio
506 2595 572 2638 non
595 2574 697 2638 sicin
720 2574 839 2638 vertice
862 2575 995 2660 gaudet,

187 2681 285 2742 quam
307 2664 400 2743 pater
422 2661 528 2725 arcani
551 2662 706 2744 praefecit
728 2662 873 2726 hiatibus
896 2662 980 2727 antri

186 2747 309 2831 Delius,
333 2751 389 2812 aut
411 2748 509 2832 primi
532 2749 583 2813 cui
606 2749 656 2814 ius
678 2750 862 2814 venerabile
885 2750 991 2834 thyrsi
1145 2770 1195 2817 111

187 2836 332 2900 Bacchus
355 2840 389 2899 et
411 2836 568 2901 attonitae
590 2837 708 2902 tribuit
730 2838 849 2902 vexilla
871 2842 1024 2903 catervae.

185 2946 246 2988 nec
263 2928 372 2988 tamen
389 2924 466 2989 hinc
484 2928 608 2989 mutata
631 2926 721 3010 quies
740 2926 927 3010 probitasve
944 2928 1091 2993 secundis

186 3013 353 3077 intumuit:
376 3017 469 3079 tenor
491 3014 576 3078 idem
599 3015 705 3079 animo
729 3037 898 3099 moresque
920 3015 1058 3081 modesti

185 3101 317 3166 fortuna
339 3106 498 3167 crescente
521 3107 660 3167 manent.
697 3104 785 3168 fovet
808 3103 904 3168 anxia
926 3126 1018 3169 ouras

224 3377 226 3380 Ι
256 3318 290 3366 03
309 3311 418 3368 famosa
431 3314 595 3369 Salmasius:
614 3314 725 3367 fumosa
781 3320 814 3367 06
828 3314 967 3384 maniplos
984 3316 988 3387 Ι
1003 3315 1080 3371 Inter
1092 3316 1194 3370 missus

187 3399 284 3452 equesz
312 3382 445 3454 maniplis
468 3383 646 3439 intermixtus
669 3400 756 3454 equos
775 3385 938 3441 Salmasius:
965 3386 1092 3456 maniplo
1108 3386 1195 3441 inter-

187 3455 289 3508 missus
307 3471 392 3524 eques
406 3456 569 3527 Madvigius
641 3460 692 3510 100
710 3455 798 3524 Libye
818 3473 847 3515 5:
866 3454 956 3511 librae
1029 3463 1079 3511 105
1098 3474 1194 3511 eursu:

187 3542 269 3580 curru
287 3526 465 3582 Oaaaaboauc
555 3532 606 3581 100
624 3525 703 3581 vehit
721 3544 748 3583 o:
776 3526 855 3583 velut
945 3533 995 3582 101
1014 3527 1194 3581 taumantida

239 3601 290 3650 110
299 3613 389 3666 paene
400 3598 595 3654 Burmcnouae
606 3614 685 3652 cene:
696 3600 771 3653 certe
782 3598 971 3654 Markland-uc
1026 3604 1076 3651 112
1087 3615 1193 3653 mercn-

184 3664 235 3721 tis:
266 3665 382 3722 ferentis
400 3669 542 3725 Baehrens
620 3674 672 3723 110
690 3668 782 3724 Aonio
800 3686 829 3729 ςι
849 3672 965 3724 ausonio
1038 3675 1090 3724 114
1108 3686 1193 3739 quam

184 3736 333 3793 Boetius:
353 3736 442 3803 Quem
515 3746 565 3794 115
584 3740 629 3795 cui
647 3740 691 3794 ius
711 3759 737 3796 o:
757 3739 834 3795 cuius
907 3745 958 3794 117
976 3739 1042 3794 hinc
1061 3758 1092 3800 s:
1111 3741 1158 3794 hic
