2925 4192
561 388 745 443 suvaauu
764 389 881 480 unua.
1164 392 1227 456 137

221 558 276 601 ore
299 518 358 600 nec
381 533 526 619 Orpheae
550 534 679 618 quirent
702 538 844 598 avertere
866 534 964 621 leges.
1196 554 1232 602 oo

219 629 317 709 atqua
340 624 403 688 tibi
426 644 594 706 moresque
617 626 691 687 tuos
714 626 748 686 et
770 623 855 687 facta
878 628 1044 689 canentem

218 714 286 778 fors
309 717 342 778 et
364 711 572 797 magniloquo
594 733 661 775 non
683 711 926 794 posthabuisset
948 712 1104 797 Homero,

218 801 365 866 tenderet
388 806 422 865 et
443 804 536 865 torvo
560 799 664 884 pietas
687 822 824 883 aequare
846 798 980 867 Maroni.

218 912 275 954 cur
297 888 401 991 magis
423 889 561 953 incessat
585 910 716 971 superos
740 892 773 952 et
796 910 875 953 aena
898 911 1044 954 sororum

218 978 365 1061 stamina,
383 1000 465 1063 quae
483 976 594 1061 tepido
613 976 769 1079 genetrix
781 999 878 1061 super
897 1000 1014 1079 aggere
1032 979 1100 1042 nati

219 1067 299 1131 orba
322 1067 412 1131 sedet
433 1066 486 1131 vel
510 1087 591 1150 quae
615 1064 772 1149 primaevi
794 1066 941 1152 coniugis
963 1067 1072 1153 ignem

218 1154 335 1240 aspicit
359 1155 590 1238 obstantesque
613 1176 727 1218 manus
750 1155 943 1239 turbamque
968 1160 1132 1221 tenentem

216 1243 348 1308 vincit
339 1267 374 1308 m
396 1244 577 1327 ardentem,
596 1243 691 1307 liceat
712 1243 823 1327 modo,
845 1244 930 1308 itura
953 1244 1126 1309 maritum?

217 1332 320 1397 maior
343 1332 449 1397 ethis
471 1332 582 1396 forsan
605 1354 738 1416 superos
761 1335 793 1396 et
816 1332 949 1397 Tartara
971 1335 1098 1417 pulsem

217 1420 350 1486 invidia:
373 1420 516 1485 externis
538 1420 636 1484 etiam
659 1420 842 1484 miserabile
865 1422 936 1486 visu

217 1510 315 1573 funus
338 1514 398 1573 eat.
445 1510 502 1573 sed
524 1531 583 1574 nec
605 1509 701 1573 modo
725 1530 760 1573 se
782 1509 908 1574 Natura
931 1510 1053 1575 dolenti

217 1619 277 1662 nec
300 1596 410 1662 Pietas
432 1597 554 1661 iniusta
577 1598 677 1682 dedit3
713 1598 794 1661 mihi
817 1598 929 1662 limine
951 1598 1055 1682 primo

218 1686 362 1749 fatorum
385 1690 418 1749 et
439 1685 550 1769 viridi,
574 1686 715 1771 genitor,
739 1708 796 1750 ceu
815 1691 928 1769 raptus
951 1687 992 1751 ab
1016 1710 1095 1753 aevo

218 1773 353 1838 Tartara
377 1773 456 1837 dura
474 1774 574 1837 subis.
617 1796 676 1837 nec
698 1774 785 1837 enim
806 1772 1009 1839 Marathonia
1031 1776 1123 1861 virgo

218 1862 345 1946 parcius
370 1862 550 1926 extinctum
574 1883 741 1926 saevorum
765 1861 896 1926 crimine
920 1866 1084 1948 agrestum

220 1950 346 2015 fleverit
368 1948 520 2034 Icarium,
542 1950 687 2035 Phrygia
710 1972 806 2033 quam
829 1954 918 2014 turre
941 1951 1106 2016 cadentem

218 2038 416 2122 Astyanacta
437 2060 562 2123 parens.
593 2039 708 2121 laqueo
732 2038 811 2121 quin
834 2038 890 2102 illa
913 2060 1062 2122 supremo

219 2127 352 2193 inclusit
374 2127 529 2214 gemitus:
552 2131 586 2191 at
608 2130 641 2191 te
664 2131 741 2210 post
763 2126 876 2191 funera
899 2127 1008 2213 magni

220 2216 372 2282 Hectoris
394 2215 575 2280 Haemonio
598 2215 703 2300 pudor
725 2218 776 2279 est
798 2215 933 2281 servisse
955 2216 1080 2280 marito,

284 2327 352 2369 non
375 2327 449 2391 ego,
473 2304 634 2388 quassati
658 2307 764 2368 certus
783 2304 847 2369 sibi
870 2308 973 2369 morte
992 2326 1108 2369 canora
1198 2322 1234 2371 80

219 2394 353 2458 inferias
375 2392 557 2477 praemittit
580 2393 651 2458 olor
672 2414 731 2457 nec
754 2414 835 2474 rupe
859 2393 944 2477 quod
968 2396 1037 2457 atra

222 2482 407 2566 Tyrrhenae
430 2482 575 2547 volucres
597 2481 706 2546 nautis
727 2481 896 2565 praedulce
920 2482 1096 2566 minantur,

220 2569 255 2634 in
272 2570 395 2653 patrios
413 2570 575 2635 adhibebo
595 2592 706 2656 rogos3
728 2592 795 2634 non
812 2592 975 2634 murmure
993 2574 1107 2636 trunco

221 2657 307 2741 quod
330 2658 432 2743 gemit
455 2662 488 2721 et
511 2658 608 2722 durae
632 2658 778 2741 queritur
799 2658 979 2723 Philomela
1001 2659 1116 2723 sorori:

220 2749 298 2810 nota
320 2745 418 2809 nimis
439 2745 514 2809 vati.
560 2746 721 2829 quianon
743 2745 778 2810 in
800 2747 911 2810 funere
935 2750 1067 2811 cunctos
1198 2764 1233 2811 85

220 2833 393 2898 Heliadum
416 2855 523 2898 ramos
544 2833 776 2917 lacrimosaque
800 2834 945 2920 germina
968 2834 1050 2898 dixit

222 2926 254 2987 et
272 2921 452 3008 Phrygium
471 2921 593 2986 silicem
612 2925 709 3005 atque
728 2944 841 2985 ausum
860 2922 1020 2987 contraria
1032 2923 1167 2987 Phoebo

224 3010 366 3075 carmina
387 3032 447 3074 nec
469 3010 533 3073 fida
555 3010 700 3096 gavisam
721 3009 855 3074 Pallada
878 3011 989 3075 buxo?

292 3244 325 3291 61
344 3237 412 3292 tibi:
431 3236 473 3291 ibi
490 3252 536 3291 me
554 3237 689 3292 Heinsius
765 3243 798 3290 62
816 3236 1009 3308 magniloquio
1087 3244 1121 3293 68
1139 3241 1232 3309 modo,

220 3311 296 3365 itura
305 3309 450 3365 auara
464 3307 612 3363 moritura.
626 3308 879 3363 ruiturchiuaa‘us
933 3313 965 3361 69
981 3310 1010 3362 et
1018 3308 1063 3363 his
1075 3309 1232 3367 Krobmus

221 3379 312 3435 aliis:
325 3380 356 3434 at
373 3378 418 3432 his
436 3380 588 3435 Baehrens·
614 3379 657 3432 ais
676 3379 792 3433 Vollmer
882 3384 914 3434 71
933 3379 1030 3435 modo:
1056 3379 1160 3434 mihin

222 3456 254 3504 τα
272 3450 345 3505 Nec.
364 3450 434 3505 haec
453 3451 597 3505 Krotaiaa
615 3456 726 3518 occepta
743 3449 888 3505 Booehomi
907 3450 1044 3505 ocima·
1035 3468 1065 3504 ιιι
1084 3450 1160 3506 iusta

223 3527 254 3575 77
273 3521 445 3576 Astranacta
525 3536 666 3590 supremo:
686 3537 829 3590 supremos
847 3523 988 3577 Meursius
1078 3526 1112 3575 84
1132 3522 1232 3579 durae:

222 3591 300 3646 dirae
320 3593 475 3647 Gronovius
545 3590 710 3662 philomelia
738 3594 864 3663 (alterum
881 3592 893 3646 i
910 3594 961 3648 dcl.
980 3594 1094 3660 fortusse
1112 3593 1162 3661 1¹)

221 3668 255 3716 85
273 3665 343 3716 nota
360 3681 390 3722 s:
409 3662 486 3717 Nata
552 3666 667 3717 cunctos
686 3679 716 3723 ςε
736 3665 836 3718 cuncto
897 3669 931 3717 88
949 3664 1018 3717 fidat
1039 3662 1125 3717 foeda
1144 3664 1234 3721 Haa-

219 3735 291 3789 aiua:
309 3734 386 3789 victa
400 3734 552 3790 Barbarus:
570 3735 637 3789 ficta
655 3734 892 3803 Iamdstroemc'as,
910 3736 963 3790 alii
980 3735 1039 3789 ulia
