2925 4192
224 1130 455 1204 MAURIGIO
469 1169 479 1186 ·
492 1131 665 1204 KROHN
679 1171 687 1188 ·
700 1131 951 1206 ALFREDUS
972 1173 980 1186 ·
998 1132 1153 1206 KLOTZ
1174 1175 1182 1189 ·
1201 1134 1236 1209 S.

291 1327 417 1388 Constat
429 1332 468 1404 te,
483 1330 525 1387 mi
538 1327 662 1405 Krohni,
672 1329 708 1388 de
723 1329 821 1390 Statio
834 1329 993 1406 praecipue
1009 1348 1072 1390 esse
1086 1333 1234 1408 meritum,

223 1419 333 1494 quippe
352 1417 404 1494 qui
423 1417 531 1477 eximia
549 1418 706 1496 diligentia
725 1419 902 1495 assiduaque
925 1419 1073 1479 industria
1092 1419 1234 1496 quicquid

222 1507 261 1566 ad
285 1508 347 1566 eius
372 1506 469 1566 Silvas
493 1506 690 1567 conlucandas
713 1509 846 1583 pertinet
873 1508 1054 1586 congesseris
1076 1507 1233 1569 librorum·

222 1616 279 1672 que
303 1594 477 1655 collationes
500 1599 530 1654 et
551 1596 616 1672 ipse
635 1595 862 1674 diligentissime
880 1598 1041 1657 confeceris
1059 1599 1090 1655 et
1108 1597 1146 1656 ab
1165 1598 1234 1657 aliis

221 1685 443 1761 conquisiveris.
475 1705 522 1743 me
540 1703 610 1744 vero
629 1704 689 1745 non
709 1685 790 1745 Stati
812 1687 938 1761 tantum,
957 1685 1009 1745 sed
1026 1704 1092 1745 meo
1115 1705 1232 1763 quoque

220 1774 340 1834 nomine
359 1791 490 1834 summas
511 1773 569 1833 tibi
590 1774 700 1833 habere
718 1776 832 1852 gratias
850 1774 942 1833 libere
966 1776 996 1833 et
1018 1774 1147 1834 libenter
1164 1795 1233 1851 pro·

219 1863 315 1924 fiteor.
352 1882 411 1922 non
435 1862 501 1922 dico
524 1863 604 1938 quod
626 1867 790 1939 apparatus
813 1863 909 1922 critici
932 1864 1033 1939 copias
1059 1863 1233 1940 locupletis-

220 1950 312 2011 simas
329 1952 526 2029 perlongum
543 1954 660 2026 tempus
680 1954 869 2028 comparatas
886 1951 962 2009 mihi
979 1952 1132 2011 tradidisti
1150 1955 1180 2012 et
1200 1954 1233 2011 in

220 2041 403 2100 defendendo
432 2040 529 2100 Statio
563 2059 581 2099 a
609 2041 842 2100 coniectatorum
868 2039 992 2098 libidine
1019 2043 1156 2100 strenuus
1184 2060 1232 2098 ex·

220 2130 328 2190 stitisti
350 2129 479 2204 adiutor,
502 2129 553 2189 sed
575 2129 697 2205 insuper
720 2130 869 2188 amicitiae
892 2129 1026 2189 sincerae
1044 2129 1163 2188 vinculo
1183 2147 1232 2187 me

217 2219 276 2278 tibi
307 2219 494 2279 coniunxisti.
539 2238 615 2294 quae
647 2238 715 2277 cum
746 2219 790 2276 ita
818 2219 887 2294 sint,
914 2237 1100 2294 summopere
1126 2218 1232 2294 laetor,

219 2307 299 2384 quod
317 2307 375 2367 libi
391 2308 469 2368 hanc
483 2307 564 2366 Stati
582 2307 732 2367 Silvarum
756 2306 924 2382 editionem,
941 2326 1031 2383 quam
1049 2307 1113 2382 ipse
1130 2307 1231 2366 fueras

216 2398 419 2474 perfecturus,
446 2398 586 2455 nunciam
613 2396 717 2456 offerre
740 2413 870 2471 possum.
916 2396 972 2455 scis
1000 2398 1078 2454 enim
1104 2416 1151 2454 me
1174 2396 1231 2454 hoc

218 2504 293 2562 opus
321 2505 339 2544 a
366 2489 396 2545 te
425 2486 546 2562 optimis
569 2486 711 2562 auspiciis
737 2485 922 2560 incohatum,
944 2484 1013 2543 dein
1035 2486 1158 2560 propter
1179 2504 1230 2543 ne·

217 2575 369 2652 gotiorum
389 2592 480 2652 grave
503 2593 576 2634 onus
597 2574 649 2633 diu
671 2575 844 2650 sepositum,
862 2573 989 2649 denique
1011 2573 1043 2630 in
1065 2593 1112 2632 me
1131 2576 1230 2632 trans

217 2663 313 2722 latum
330 2664 459 2725 maxime
476 2664 596 2724 fovisse.
626 2662 821 2740 quamobrem
838 2663 909 2721 licet
926 2681 986 2722 non
1001 2661 1141 2737 dubitem,
1156 2664 1228 2738 quin

215 2755 253 2810 tu
271 2755 368 2811 totam
385 2772 448 2811 rem
465 2753 571 2812 melius
587 2752 679 2812 fueris
699 2752 897 2827 expediturus,
911 2750 1070 2810 dummodo
1088 2769 1142 2826 per
1154 2753 1229 2809 tem-

215 2841 299 2917 poris
333 2842 488 2919 angustias
521 2841 667 2915 licuisset,
694 2843 796 2899 tamen
824 2858 910 2916 spero
941 2842 971 2898 te
999 2857 1116 2915 quoque
1144 2841 1228 2917 gavi·

216 2949 333 3005 surum,
366 2930 445 3007 quod
476 2948 554 3006 quae
585 2932 620 2988 tu
657 2932 726 2987 ante
758 2929 818 2988 tu‘a
848 2928 945 2987 lustra
977 2946 1161 3004 susceperas,
1192 2947 1229 2987 ea

215 3038 295 3078 nunc
316 3019 438 3078 tandem
459 3018 491 3076 in
509 3017 662 3095 publicum
681 3018 859 3076 emittuntur
875 3036 935 3076 non
954 3016 1100 3093 absoluta,
1118 3017 1170 3076 sed
1189 3016 1229 3075 ad

214 3107 305 3166 finem
328 3108 477 3185 quendam
498 3109 649 3183 perducta.
686 3126 782 3184 neque
805 3106 885 3183 apud
907 3107 937 3164 te
960 3107 1156 3165 haecomnia
1179 3125 1227 3163 ex·

214 3216 327 3273 ponere
346 3215 420 3273 opus
440 3199 493 3271 est,
512 3197 564 3273 qui
584 3197 672 3272 nosti,
691 3196 744 3255 sed
767 3198 797 3254 et
819 3195 925 3255 ceteris
943 3195 1050 3270 indico,
1068 3195 1104 3252 ut
1122 3196 1227 3269 sciant,

215 3287 265 3345 cui
297 3286 440 3344 debeatur
470 3285 673 3362 potissimum,
705 3285 730 3344 si
763 3285 835 3363 quid
862 3285 940 3343 inest
965 3284 1036 3344 boni
1065 3284 1096 3341 in
1123 3286 1227 3343 nostro

215 3376 368 3451 opusculo.
403 3375 480 3434 vale.
