2925 4192
235 392 279 455 54
586 389 616 443 P.
635 387 759 443 PAPINI
777 386 894 443 sumn

235 538 387 619 optarent
409 534 547 599 multum
571 531 684 598 Graiae
708 537 929 617 cuperentque
951 533 1085 597 Latinae

235 624 281 689 sic
303 623 468 708 peperisse
490 645 600 687 nurus.
635 643 702 686 non
724 622 823 686 talem
847 621 959 687 Cressa
982 622 1160 705 superbum
1211 639 1244 687 25

234 712 350 777 callida
372 712 510 777 sollicito
534 711 694 776 revocavit
717 711 841 775 Thesea
862 710 928 795 filo,

234 824 294 867 nec
316 800 408 866 Paris
431 798 582 865 Oebalios
605 800 680 865 talis
702 800 831 864 visurus
854 821 978 864 amores

233 890 373 955 rusticus
394 890 513 955 invitas
536 889 652 954 deiecit
674 889 709 953 in
731 910 873 973 aequora
896 889 1001 972 pinus.

233 1002 298 1045 non
321 978 399 1045 fallo
422 982 478 1043 aut
501 982 614 1043 cantus
635 978 768 1043 adsueta
790 977 921 1043 licentia
944 977 1044 1043 ducit:

231 1068 298 1132 vidi
321 1073 354 1133 et
377 1067 480 1133 adhuc
502 1067 604 1151 video,
629 1067 758 1151 qualem
779 1088 839 1133 nec
862 1066 949 1130 bella
971 1070 1138 1131 canentem
1208 1085 1244 1131 30

232 1157 327 1222 litore
349 1156 495 1243 virgineo
519 1156 632 1221 Thetis
655 1155 829 1221 occultavit
851 1154 1015 1237 Achillen,

232 1268 291 1311 nee
314 1246 434 1311 circum
457 1245 544 1310 saevi
566 1244 747 1331 fugientem
770 1244 897 1309 moenia
914 1243 1041 1309 Phoebi

232 1334 364 1399 Troilon
386 1334 584 1400 Haemoniae
608 1333 778 1417 deprendit
800 1334 911 1397 lancea
935 1332 1074 1397 dextrae.

233 1423 339 1506 qualis
358 1425 440 1488 eras!
459 1422 574 1507 procul
592 1445 632 1487 en
655 1422 780 1487 cunctis
798 1422 973 1505 puerisque
994 1420 1136 1505 virisque

234 1512 400 1595 pulchrior
423 1517 456 1576 et
478 1515 606 1575 tantum
629 1511 758 1575 domiuo
781 1510 899 1575 minor!
931 1510 1019 1575 illius
1042 1531 1124 1575 uuus
1209 1528 1242 1575 35

232 1605 307 1665 ante
331 1601 433 1685 decor,
458 1603 616 1684 quantum
638 1600 803 1684 praeeedit
826 1600 912 1663 clara
933 1599 1074 1665 minores

232 1689 309 1753 luna
327 1689 412 1754 faces
432 1693 655 1773 quantumque
674 1689 755 1753 alios
773 1688 893 1773 premit
910 1687 1075 1771 Hesperos
1093 1688 1193 1774 ignes.

230 1800 297 1842 non
319 1778 382 1843 tibi
404 1778 580 1843 femineum
602 1777 695 1843 vultu
718 1778 814 1842 decus
837 1799 958 1860 oraque
982 1799 1080 1861 supra

231 1866 338 1931 mollis
360 1868 472 1953 honos,
496 1866 602 1951 quahs
625 1867 743 1932 dubiae
764 1870 839 1951 post
863 1866 996 1931 erimina
1019 1868 1141 1931 formae

231 1956 270 2019 de
293 1977 373 2020 sexu
395 1955 532 2021 transire
555 1955 678 2038 iubent,
703 1959 863 2040 torvoque
886 1954 988 2019 virilis
1206 1972 1242 2019 40

232 2045 350 2130 gratia3
371 2067 431 2109 nec
453 2045 605 2129 petulans
628 2044 712 2110 acies
735 2044 912 2127 blandique
935 2066 1046 2109 severo

230 2134 307 2219 igne
330 2134 424 2217 oculi,
447 2133 561 2217 qualis,
585 2133 691 2198 bellus
715 2133 779 2197 iam
803 2132 933 2217 casside,
956 2133 1028 2201 visu

229 2222 494 2306 Parthenopaeus
517 2226 599 2306 erat3
622 2222 827 2306 simplexque
850 2222 983 2287 horrore
1007 2222 1120 2287 decoro

230 2310 337 2394 crinis,
360 2314 393 2375 et
416 2311 565 2375 obsessae
587 2310 731 2375 nondum
754 2310 925 2395 primoque
949 2310 1104 2375 micantes

228 2399 308 2462 flore
331 2421 446 2485 genae:
469 2398 568 2463 talem
590 2398 715 2463 Ledaeo
739 2398 869 2485 gurgite
892 2400 1014 2483 pubem
1206 2416 1241 2464 45

230 2487 345 2551 educat
367 2487 516 2566 Eurotas
540 2488 643 2553 teneri
666 2487 713 2552 sie
736 2488 862 2575 integer
884 2488 954 2553 aevi

227 2575 305 2640 Elin
329 2576 396 2641 adit
419 2576 607 2660 primosque
629 2575 699 2641 Iovi
722 2599 804 2661 puer
826 2577 987 2661 adprobat
1010 2599 1118 2642 annos.

230 2687 307 2729 nam
329 2665 435 2750 pudor
457 2666 541 2731 unde
563 2670 659 2731 notae
682 2666 783 2732 menti
807 2666 1048 2750 tranquillaque
1071 2687 1197 2731 morum

228 2754 405 2839 temperies
428 2759 606 2840 teneroque
629 2756 755 2820 animus
778 2755 936 2820 maturior
958 2776 1045 2837 aevo,

227 2843 369 2909 carmine
389 2866 453 2928 quo
474 2867 533 2928 par
556 2867 626 2909 esse
646 2844 784 2928 queam?
808 2866 904 2928 saepe
923 2843 978 2908 ille
997 2844 1157 2907 volentem
1204 2860 1239 2908 50

300 3039 499 3091 accurrentem
518 3054 548 3097 5:
567 3040 713 3091 caventem
786 3043 817 3089 31
839 3036 962 3091 achillea
979 3037 1032 3091 1ยน:
1052 3034 1182 3089 achillem

228 3111 263 3160 38
277 3105 371 3160 vultu:
390 3107 485 3161 vultus
499 3124 515 3165 ฯ
569 3113 604 3161 40
617 3110 754 3176 torvoque
769 3126 795 3162 o:
809 3110 958 3177 torvaque:
975 3110 1057 3161 torva
1070 3108 1186 3177 atquae

228 3184 263 3232 42
277 3176 369 3231 bellus
383 3176 442 3230 iam
451 3179 607 3233 Krobciua:
620 3177 704 3231 bellis
717 3178 789 3233 iamt
803 3176 895 3232 bellus
910 3178 970 3232 sine
984 3179 1142 3233 Adrianusr
1157 3173 1241 3232 bellis

227 3266 291 3303 cum
308 3247 652 3303 OttozbellisinVollmer
705 3248 1027 3309 uisuevisus52visa5
1076 3248 1242 3303 &Parthe-

226 3319 604 3389 nopaeusszPartheiopeus
656 3319 846 3375 horroreme'u
854 3319 1053 3392 m9.:herrore=
1068 3336 1187 3379 errores

228 3396 262 3445 48
279 3391 370 3461 pudor
384 3390 458 3444 unde
472 3393 556 3445 notae
570 3390 658 3444 menti
672 3390 724 3446 11ยน:
743 3390 834 3460 pudor
852 3391 945 3445 undae
964 3393 992 3461 (a
1011 3408 1071 3461 exp.
1086 3391 1136 3461 1ยน)
1154 3392 1241 3445 notae

226 3462 343 3518 mentis:
356 3480 384 3531 p,
394 3479 420 3517 u.
435 3477 525 3517 novae
539 3461 642 3514 mentis
660 3462 836 3517 Skutscbius:
849 3462 1065 3531 pudor-uude
1083 3464 1195 3517 notem?
1205 3494 1242 3503 -

227 3533 330 3587 mentis
344 3534 504 3588 Buecheler:
518 3552 545 3603 p.
560 3532 701 3603 ingenuae
715 3532 862 3602 (innocuae
876 3550 1030 3605 affluamus
1043 3534 1241 3605 Gottiuqeusts)

227 3604 330 3660 mentis
340 3604 473 3660 Heinsius
536 3610 569 3659 60
579 3621 634 3673 quo
648 3620 701 3674 par
714 3620 775 3659 esse
785 3620 887 3671 queam
897 3604 1050 3673 Suftleuus:
1061 3620 1116 3673 quo
1125 3607 1241 3675 potasse

225 3676 352 3744 (dotasse
370 3675 514 3745 Heinsius)
533 3692 647 3745 queam:
676 3692 731 3743 quo
757 3690 890 3744 pensasse
914 3691 1015 3744 queam
1034 3692 1064 3735 5:
1092 3686 1157 3745 quo
1172 3679 1243 3729 nota

228 3763 288 3801 esse
307 3749 412 3816 queant
430 3748 629 3804 Marklucdus:
648 3762 739 3815 quove
757 3747 871 3801 notasse
889 3763 991 3814 queam
1010 3747 1158 3801 Buecheler
