2925 4192
542 376 727 433 suvanou
745 377 774 431 a.
789 377 822 445 11,
838 382 861 430 1.
1160 376 1201 440 37

267 522 344 607 quid
365 522 493 606 mirum,
518 525 608 587 tanto
632 521 660 586 si
682 525 715 585 te
738 521 813 606 pius
835 520 918 585 altor
940 520 1078 585 honorat

199 611 333 677 funere?
364 615 402 675 tu
424 610 553 676 domino
576 609 703 693 requies
725 614 904 693 portusque
927 612 1081 693 senectae,
1172 625 1206 673 70

198 706 235 765 tu
258 701 354 765 modo
378 698 518 785 deliciae,
541 698 648 764 dulces
670 699 766 763 modo
789 702 917 783 pectore
941 720 1043 763 curae.

199 812 266 854 non
287 792 320 853 te
344 788 531 853 barbaricae
552 787 703 852 versabat
725 787 822 853 turbo
846 790 994 871 catastae,

200 900 259 943 neo
282 876 403 941 mixtus
425 876 552 941 Phariis
573 875 697 940 venalis
718 876 881 940 mercibus
903 875 1010 939 infans

200 965 461 1049 compositosque
484 964 567 1029 sales
590 964 807 1049 meditataque
829 963 928 1028 verba
949 964 1077 1051 locutus

201 1053 354 1139 quaesisti
376 1053 514 1118 lascivus
538 1075 628 1117 erum
651 1053 805 1136 tardeque
829 1051 958 1137 parasti.

199 1143 253 1208 hio
272 1143 394 1228 domus,
415 1142 491 1206 hino
510 1145 609 1225 ortus,
628 1140 812 1224 dominique
835 1139 1010 1225 penatibus
1028 1138 1106 1205 olim

201 1254 293 1296 carus
315 1235 449 1316 uterque
472 1252 588 1315 parens
610 1233 708 1313 atque
730 1229 766 1293 in
788 1233 844 1293 tua
866 1229 983 1315 gaudia
1004 1228 1097 1313 liber,

200 1342 241 1402 ne
265 1341 433 1403 quererere
455 1340 566 1404 genus.
611 1322 740 1401 raptum
763 1318 818 1382 sed
841 1317 989 1402 protinus
1012 1318 1083 1381 alvo

204 1407 337 1474 sustulit
360 1407 508 1472 exultans
530 1428 567 1471 ac
589 1406 694 1490 prima
716 1406 823 1471 lucida
845 1428 921 1471 voce

201 1501 287 1562 astra
310 1496 504 1561 salutantem
527 1495 676 1561 dominus
699 1495 764 1559 sibi
786 1498 893 1565 mente
917 1494 1042 1580 dicavit,

73 1615 80 1650 r
202 1587 432 1671 amplexusque
456 1584 528 1649 sinu
551 1584 628 1648 tulit
652 1587 685 1649 et
707 1584 857 1670 genuisse
880 1584 1014 1669 putavit,

201 1676 251 1739 fas
273 1674 353 1739 mihi
376 1678 560 1739 sanctorum
582 1672 676 1737 venia
698 1672 815 1737 dixisse
838 1676 1015 1757 parentum,

202 1768 311 1847 tuque,
334 1784 400 1845 oro,
422 1762 556 1846 Natura,
579 1761 674 1845 sinas,
697 1760 750 1826 cui
771 1760 875 1845 prima
896 1783 954 1845 per
977 1761 1088 1826 orbem

201 1851 272 1916 iura
295 1851 410 1914 animis
432 1850 555 1914 sancire
578 1849 701 1913 datum:
723 1871 791 1913 non
813 1849 919 1913 omnia
942 1850 1072 1935 sanguis

201 1939 369 2023 proximus
392 1942 448 2002 aut
471 1938 553 2002 serie
576 1936 704 2023 generis
726 1936 864 2001 demissa
886 1959 1030 2023 propago

148 2035 151 2039 ’
204 2028 331 2113 alligat3
353 2025 488 2091 interius
510 2048 594 2089 nova
616 2046 711 2109 saepe
733 2024 917 2109 adscitaque
941 2029 1073 2109 serpunt

201 2116 338 2202 pignora
360 2114 498 2180 conexis.
543 2118 638 2179 natos
660 2113 810 2198 genuisse
833 2136 961 2178 necesse
985 2118 1042 2197 est,

203 2203 339 2290 elegisse
361 2204 460 2268 iuvat.
505 2206 617 2267 tenero
640 2202 686 2267 sio
709 2201 848 2266 blandus
871 2202 992 2267 Achilli

203 2291 333 2357 semifer
355 2292 570 2356 Haemonium
594 2290 745 2356 vincebat
767 2290 864 2355 Pelea
883 2290 1009 2356 Chiron.

202 2403 261 2446 nec
283 2380 390 2446 senior
412 2380 528 2445 Peleus
549 2384 662 2445 natum
686 2380 858 2445 comitatus
881 2380 915 2443 in
938 2402 1025 2444 arma

204 2470 327 2556 Troica,
350 2470 406 2534 sed
429 2470 513 2534 claro
536 2468 683 2534 Phoenix
705 2469 861 2534 haerebat
884 2468 1021 2534 alumno.

202 2558 466 2712 diffidit}
483 2556 966 2711 reqiugsqqffifflqae

204 2698 477 2818 cumque'procul
489 2667 611 2797 Iiritbiilis
634 2669 763 2818 gdnitor
785 2737 922 2797 cessaret
944 2733 985 2797 ab
1005 2733 1108 2818 astris,

202 2823 397 2908 fluctivagus
418 2821 581 2886 volucrem
604 2820 753 2885 comebat
774 2820 890 2885 Persea
911 2820 1033 2904 Dictys.
1177 2837 1210 2884 95

205 2910 283 2996 quid
304 2910 442 2975 referam
464 2908 613 2973 altricum
635 2907 737 2972 victas
760 2908 880 2992 pietate
903 2910 1072 2993 parentes?

205 2998 283 3085 quid
305 3002 338 3063 te
360 3002 435 3083 post
458 2997 580 3062 cineres
603 2996 798 3081 deceptaque
821 2997 933 3061 funera
955 2997 1067 3061 matris

204 3088 308 3154 tutius
329 3086 409 3152 Inoo
431 3090 612 3170 reptantem
635 3088 777 3170 pectore,
799 3084 945 3150 Bacche?

204 3179 269 3243 iam
291 3198 402 3243 secura
423 3174 525 3260 patris
547 3174 660 3239 Tuscis
682 3174 840 3260 regnabat
863 3173 896 3238 in
919 3173 1012 3238 undis

275 3376 308 3424 69
327 3368 390 3438 pius
405 3367 478 3422 altor
492 3385 521 3427 5:
539 3367 603 3449 qlus
618 3366 690 3420 alter
763 3372 795 3419 71
815 3365 911 3419 dulces
921 3396 953 3405 -
964 3381 1059 3420 curae:
1077 3364 1166 3420 dulcis
1177 3396 1211 3405 -

205 3457 271 3495 cura
289 3442 373 3496 Elter
445 3444 478 3491 73
495 3436 583 3492 vanis
602 3438 663 3509 (del.
680 3436 732 3506 1¹)
750 3436 857 3505 phariis
939 3441 971 3490 76
989 3436 1036 3491 hic
1055 3436 1210 3492 Krotaios:

203 3512 276 3565 Hinc
347 3516 380 3563 78
400 3525 545 3578 quererere
563 3527 590 3561 n
606 3511 638 3563 in
651 3525 719 3579 mc:
739 3524 886 3576 quaerere,
943 3512 976 3561 83
995 3506 1092 3575 Tuque
1110 3509 1154 3576 (ex
1167 3506 1210 3559 'Pu

205 3597 314 3652 quoque
332 3581 383 3651 1¹)
461 3596 510 3635 oro
528 3578 581 3634 1²:
610 3594 660 3634 ora
741 3582 776 3632 84
794 3578 894 3633 animis
913 3594 942 3637 e:
971 3578 1092 3632 animus:
1122 3576 1211 3631 atavis

205 3652 348 3708 Krotaiue
427 3656 461 3705 88
479 3649 605 3721 Flegisse
676 3654 709 3703 91
729 3649 818 3705 claro:
837 3664 937 3707 caros
1018 3654 1052 3703 94
1071 3649 1212 3703 caessaret

205 3724 331 3794 (alterum
348 3740 361 3775 s
380 3723 444 3777 odd.
462 3720 513 3790 Μ’)
585 3726 619 3775 99
637 3718 740 3790 patr-ist
758 3736 859 3789 parens
879 3738 892 3771 c
