2925 4192
549 392 735 447 SILVARUM
753 392 785 457 L„
797 392 845 461 III,
860 398 883 447 5.
1176 393 1218 457 87

213 536 264 600 dic
283 541 405 621 tamen,
427 537 511 601 unde
529 536 596 601 alta
613 536 693 601 mihi
711 537 818 601 fronte
837 542 870 601 et
886 537 1000 602 nubila
1018 538 1148 602 vultus?

212 646 294 689 anne
317 625 403 709 quod
424 624 587 690 Euboicos
609 626 716 690 fessus.
734 647 875 690 remeare
898 630 1031 710 penates

210 735 352 799 auguror
375 718 409 786 et
431 713 536 799 patria
559 714 683 779 senium
705 735 895 799 componere
918 715 1025 779 terra?

212 824 269 866 our
291 802 353 867 hoo
375 802 470 867 triste
493 802 578 867 tibi?
615 807 701 868 certe
724 802 855 867 lascivia
877 803 971 868 corde

105 911 107 914 ·
210 891 300 955 nulla
320 912 380 955 neo
403 896 459 956 aut
481 891 586 976 rapidi
608 892 750 956 mulcent
773 895 806 955 te
829 892 951 975 proelia
976 890 1058 957 Circi
1186 912 1218 958 15

210 983 267 1043 aut
290 979 394 1044 intrat
414 1002 525 1045 sensus
548 980 679 1045 clamosi
702 980 800 1045 turba
822 980 954 1064 theatri3

211 1067 266 1132 sed
275 1068 432 1220 pirobitas
450 1073 483 1133 et
505 1090 606 1153 opaca
628 1069 719 1152 quies
738 1072 771 1132 et
789 1068 916 1133 sordida
936 1091 1112 1154 numquam

253 1178 274 1221 u
308 1179 335 1220 a.

209 1178 252 1242 ga
401 1268 480 1330 quas
493 1250 602 1311 autem
620 1245 771 1311 comitem
789 1250 822 1310 te
836 1250 930 1330 rapto
949 1268 1008 1331 per
1026 1247 1149 1311 undas?

210 1334 1119 1511 tfttffitdttdtt⁶t1&theethim
1181 1442 1215 1491 20

208 1515 265 1575 aut
288 1512 535 1599 septemgemini
557 1516 655 1596 caput
677 1513 757 1577 haut
780 1512 982 1597 penetrabile
1005 1512 1091 1596 Nili,

209 1599 373 1664 hortarere
396 1601 472 1665 vias.
509 1601 628 1665 etenim
651 1606 770 1665 tua-
788 1623 903 1686 nempe
927 1601 1069 1687 benigna

210 1709 307 1771 quam
325 1689 404 1753 mihi
424 1694 510 1754 sorte
524 1690 634 1754 Venus
652 1690 796 1755 iunctam
813 1690 1005 1755 florentibus
1023 1691 1115 1755 annis

209 1781 315 1841 servat
334 1782 367 1842 et
386 1778 419 1841 in
438 1778 563 1843 senium
582 1816 637 1861 -,
657 1783 726 1864 tua,
746 1800 827 1863 quae
846 1801 896 1843 me
915 1779 1045 1843 vulnere
1063 1780 1169 1864 primo

125 1914 127 1917 -
207 1864 366 1930 intactum
389 1865 539 1931 thalamis
562 1871 596 1930 et
618 1867 721 1931 adhuc
744 1867 881 1932 iuvenile
904 1870 1075 1952 vagantem
1180 1886 1212 1934 25

207 1954 322 2039 fixisti,
346 1958 402 2018 tua
424 1956 514 2019 frena
537 1954 642 2019 libens
666 1955 841 2039 docilisque
864 1954 979 2039 recepi,

208 2047 240 2106 et
263 2043 362 2107 semel
383 2043 520 2108 insertas
541 2066 607 2110 non
629 2048 812 2108 mutaturus
834 2043 976 2108 habenas

206 2153 309 2216 usque
333 2154 453 2216 premo.
498 2136 536 2196 tu
558 2155 609 2198 me
631 2132 744 2197 nitidis
766 2131 894 2197 Albana
915 2132 1072 2197 ferentem

207 2219 290 2284 dona
312 2221 413 2286 comis
436 2217 610 2306 sanctoque
633 2221 783 2287 indutum
806 2220 949 2286 Caesaris
972 2244 1049 2287 auro

206 2309 383 2374 visceribus
405 2310 573 2395 complexa
596 2309 662 2375 tuis
684 2310 843 2394 sertisque
867 2310 982 2374 dedisti
1178 2330 1212 2377 30

206 2399 314 2462 ascida
337 2399 453 2463 anhela
474 2400 568 2484 meis;
590 2404 640 2485 tu,
663 2422 736 2464 cum
760 2398 920 2483 Capitolia
940 2402 1070 2465 nostrae

205 2486 346 2550 infitiata
367 2488 470 2571 lyrae,
493 2511 623 2554 saevum
645 2488 872 2575 ingratumque
896 2488 1028 2553 dolebas

206 2595 332 2637 mecum
353 2575 439 2639 vieta
460 2574 581 2661 Iovem3
604 2581 641 2641 tu
663 2576 886 2662 procurrentia
907 2577 1021 2661 primis

205 2662 347 2725 carmina
363 2668 475 2728 nostra
497 2665 585 2729 sonis
608 2669 757 2749 totasque
776 2666 811 2731 in
828 2687 989 2729 murmure
1007 2670 1118 2731 noctes

205 2771 281 2813 aure
304 2751 392 2834 rapis
414 2751 633 2838 vigili310ngi
655 2757 692 2817 tu
715 2753 783 2817 sola
805 2753 927 2817 laboris
1176 2773 1210 2819 35

204 2838 344 2922 conscia,
367 2861 503 2923 eumque
526 2840 591 2904 tuis
615 2841 715 2904 crevit
737 2864 808 2905 mea
830 2840 970 2905 Thebais
993 2842 1092 2907 annis.

97 2932 100 2936 ’
204 2926 331 3012 qualem
350 2932 383 2992 te
400 2950 505 3011 nuper
523 2927 653 3015 Stygias
671 2951 774 3014 prope
793 2935 907 3013 raptus
925 2929 966 2992 ad
984 2930 1124 3017 umbras,

203 3038 276 3080 cum
298 3016 363 3080 iam
385 3016 543 3081 Lethaeos
566 3017 709 3082 audirem
731 3018 909 3082 comminus
932 3040 1053 3102 amnes,

202 3105 323 3189 aspexi,
347 3105 499 3188 tenuique
523 3106 631 3171 oculos
654 3106 718 3170 iam
740 3109 844 3171 morte
867 3107 1022 3171 cadentes.

201 3193 326 3258 scilicet
348 3194 497 3259 exhausti
519 3194 669 3260 Lachesis
692 3195 772 3259 mihi
796 3199 942 3279 tempora
965 3196 1023 3259 fati
1172 3217 1207 3264 40

202 3320 414 3327 ——.--——

274 3393 305 3439 11
321 3385 392 3443 alta:
412 3385 470 3441 alia
483 3388 523 3443 ed.
538 3389 657 3443 Aldina:
677 3387 743 3443 alba
764 3388 964 3443 Oomteliaaeaaa
1050 3396 1082 3444 15
1101 3391 1205 3461 rapidi:

104 3442 115 3455 ¹
200 3456 294 3512 rabidi
317 3459 508 3526 Wakefieldiua
596 3458 720 3513 mulcent
738 3476 767 3518 s:
797 3457 917 3514 mulcem
1025 3468 1057 3515 16
1077 3460 1205 3518 clamosi:

201 3528 329 3583 damnosi
347 3530 487 3584 Baehrens
563 3535 596 3583 20
615 3530 661 3599 vel
679 3547 708 3590 5:
728 3530 784 3584 Vas
845 3536 878 3584 21
898 3531 968 3587 haut
984 3532 1159 3600 penetrabile
1178 3552 1205 3589 a:

132 3633 134 3635 v
200 3601 232 3652 ut
249 3599 436 3668 penetrabile:
455 3599 668 3670 impenetrabile
687 3618 704 3661 ς
759 3607 792 3655 25
811 3600 949 3656 intactum
967 3619 996 3661 s:
1015 3603 1158 3657 Intantum

200 3674 234 3722 28
253 3673 286 3723 tu
304 3670 473 3727 Politioaus:
492 3676 536 3726 ter
613 3678 647 3727 29
666 3671 753 3727 comis
772 3690 801 3732 ςε
820 3689 911 3727 comes
990 3680 1023 3727 32
1043 3673 1158 3729 dolebas
1177 3693 1204 3731 a:

201 3739 322 3794 doleres:
342 3741 436 3796 dolere
454 3744 516 3813 (inf.
535 3744 608 3815 hist.)
628 3745 771 3799 Krohaios
