2925 4192
533 370 869 439 SILVARUML.111‚3,
1165 372 1229 434 ῃ,

78 567 79 588 q
193 514 250 578 ille
274 514 354 578 mihi
376 519 434 578 tua
456 514 571 579 damna
594 514 662 579 dies
684 536 887 598 compescere
910 520 1006 579 cantu

193 603 321 667 suade:
294 603 400 667 te't
341 624 463 687 e1pse
480 603 542 667 tuli
560 624 642 688 quos
663 624 750 668 nunc
766 603 830 668 tibi
849 604 978 669 confero
998 609 1092 689 quest
1094 626 1139 669 us

262 714 328 755 non
345 691 408 756 tibi
428 691 513 793 clara
531 692 674 778 quidem,
692 691 800 757 senior
818 692 1047 794 placidissime,
1065 694 1173 780 gentis

192 781 283 845 linea
304 802 362 845 nec
385 778 514 864 proavis
537 780 711 845 demissum
735 784 883 864 stemma,
907 782 994 846 sed
985 804 1100 867 mgens

193 870 361 954 supplevit
383 869 515 934 fortuna
538 890 640 954 genus
663 870 856 954 culpamque
879 874 1050 953 parentum
1172 888 1206 935 ιι

194 958 345 1023 occuluit.
391 980 450 1022 nec
473 957 559 1021 euim
581 957 729 1023 dominos
752 959 790 1022 de
814 959 910 1041 plebe
933 958 1051 1043 tulisti,

194 1048 253 1111 sed
276 1046 395 1132 quibus
416 1068 549 1111 occasus
570 1047 694 1130 pariter
715 1047 913 1112 famulantur
937 1052 969 1111 et
992 1053 1090 1113 ortus.

77 1145 79 1166 ¹
194 1158 255 1200 nec
274 1136 379 1219 pudor
401 1135 463 1200 iste
486 1135 563 1200 tibi:
595 1136 673 1220 quid
692 1136 778 1199 enim
800 1136 958 1220 terrisque
978 1137 1118 1220 poloque

78 1259 79 1270 ι
195 1224 331 1308 parendi
354 1224 423 1289 sine
446 1226 518 1310 lege
542 1224 672 1289 manet?
712 1225 781 1289 uice
805 1230 921 1290 cuncta
943 1229 1100 1311 reguntur

194 1312 393 1397 alternisque
412 1317 573 1397 premunt.
610 1314 752 1398 propriis
771 1314 831 1378 sub
851 1313 983 1400 regibus
1002 1314 1106 1378 omnis
1173 1331 1207 1379 50

195 1407 296 1487 terra3
319 1401 438 1485 premit
459 1402 539 1466 felix
561 1424 677 1489 regum
699 1402 879 1467 dedomata
845 1402 1017 1488 tRoma3

193 1491 280 1555 hanc
303 1490 438 1555 ducibus
460 1491 586 1555 frenare
609 1492 665 1556 dat
650 1495 733 1576 tum3
755 1514 831 1557 mox
850 1492 992 1557 crescit
983 1515 1018 1556 m
1039 1490 1114 1556 illos

78 1593 80 1602 “
195 1578 371 1679 imperium
393 1579 528 1663 superis
557 1580 613 1644 sed
635 1580 758 1645 habent
744 1585 814 1645 tet
835 1581 968 1646 numina
990 1582 1110 1669 legem·

194 1667 297 1732 servit
320 1672 353 1732 et
374 1672 533 1733 astrorum
556 1669 650 1733 velox
673 1670 790 1734 chorus
813 1674 846 1734 et
868 1693 950 1756 vaga
972 1670 1071 1735 servit

194 1758 274 1821 luna
295 1778 355 1820 nec
377 1756 517 1821 iniussae
539 1758 660 1822 totiens
682 1759 765 1822 redit
790 1759 897 1823 orbita
863 1759 1013 1841 tlucis‚
1175 1776 1207 1823 55

195 1850 230 1910 et
249 1882 294 1891 -
312 1845 451 1910 modo
425 1867 453 1908 ιι
471 1844 521 1908 fas
539 1849 588 1909 est
606 1868 743 1929 aequare
762 1846 899 1911 iacentia
918 1848 1052 1911 summis
1072 1886 1114 1895 -

78 1969 79 1972 ι
195 1934 334 2019 pertulit
358 1938 390 1997 et
413 1934 499 1996 saevi
522 1934 712 2017 Tirynthius
735 1934 865 1997 horrida
887 1935 974 2020 regis

196 2026 303 2107 pacta,
326 2044 384 2086 nec
408 2022 539 2086 erubuit
561 2022 748 2086 famulantis
772 2022 879 2086 fistule
902 2022 1035 2087 Phoebi.

195 2111 253 2176 sed
276 2133 383 2195 neque
406 2110 584 2175 barbaricis
605 2110 699 2176 Latio
722 2111 930 2175 transmissus
953 2112 994 2176 ab
1018 2112 1095 2177 oris:

195 2200 335 2284 Smyrna
358 2199 421 2264 tibi
445 2200 566 2285 gentile
589 2201 693 2266 solum
716 2204 878 2284 potusque
901 2201 1039 2265 verendo
1174 2220 1208 2267 oo

195 2290 289 2354 fonte
312 2288 413 2354 Meles
435 2288 612 2373 Hermique
634 2289 765 2373 vadum,
789 2311 852 2373 quo
870 2290 992 2374 Lydius
1015 2290 1115 2355 intrat

196 2378 399 2443 Bacchust
367 2382 399 2442 et
423 2383 535 2443 aurato
557 2379 660 2443 reficit
646 2383 741 2442 tsua
764 2400 883 2442 cornua
904 2379 991 2444 limo.

197 2467 285 2530 laeta
309 2466 423 2531 dehinc
447 2468 545 2531 series
567 2468 728 2551 variisque
753 2488 792 2531 ex
816 2468 927 2532 ordine
951 2468 1035 2533 curis

198 2558 313 2619 auctus
331 2555 448 2632 honos3
476 2577 667 2640 semperque
685 2556 778 2657 gradi
796 2578 898 2640 prope
916 2557 1056 2643 numina,
1081 2580 1208 2640 semper

199 2642 389 2706 Caesareum
413 2644 550 2708 coluisse
572 2645 658 2709 latus
681 2644 844 2728 sacrisque
867 2643 999 2709 deorum
1173 2664 1206 2709 ec

199 2730 324 2793 arcanis
346 2730 478 2795 haerere
501 2732 620 2798 datum.
665 2732 815 2797 Tibereia
838 2733 978 2834 primum

203 2818 277 2881 aula
299 2818 362 2882 tibi
385 2818 517 2883 vixdum
540 2843 596 2885 ora
617 2843 701 2885 nova
723 2825 870 2886 mutante
892 2820 1022 2885 iuventa

199 2906 354 2991 panditur
377 2944 419 2953 -
443 2907 495 2971 hic
518 2909 610 2973 annis
632 2909 736 2973 multa
759 2932 856 2993 super
878 2910 985 2985 indole
1008 2910 1101 2974 victis

199 2996 337 3060 libertas
360 2995 470 3060 oblata
492 2997 581 3061 venit
603 3034 648 3045 —
669 3020 729 3062 nec
752 2999 920 3082 proximus
943 3000 1049 3082 heres,

200 3084 335 3149 immitis
359 3107 554 3169 quamquam
578 3090 617 3179 et
632 3086 739 3151 Furiis
762 3086 917 3173 agitatus,
941 3088 1060 3173 abegit.
1175 3108 1207 3154 ιο

271 3373 306 3421 47
325 3368 510 3422 famulantur:
533 3368 687 3422 famulatur
704 3387 722 3427 ς
842 3375 876 3422 49
895 3373 1029 3437 reguntur
1049 3364 1206 3426 Gecuniue:
1297 3398 1299 3402 ·

200 3441 336 3507 gematur
407 3445 440 3493 52
459 3438 626 3499 (ιιιιιιιιις.
645 3439 774 3494 dulcibus
846 3440 1159 3497 occasionalem
1234 3480 1237 3491 .

201 3514 236 3561 60
253 3512 405 3579 potusque:
430 3512 568 3579 notusque
586 3512 741 3567 Lotticlcius
829 3518 862 3565 61
882 3508 1035 3581 Ιιιιιιιιις.
1059 3510 1136 3566 lilius

201 3585 236 3632 64
255 3581 337 3648 gradi
350 3582 501 3637 Meareics:
521 3582 623 3652 gradu:
642 3583 746 3652 gradus
760 3584 932 3653 Peyrarcdas
994 3588 1027 3635 65
1046 3581 1207 3639 Caesarium

256 3657 289 3703 66
308 3652 456 3721 thybereia
509 3658 543 3707 68
560 3652 633 3707 mult
622 3657 663 3707 ιιι
681 3654 802 3709 multum
822 3654 883 3709 Otto
944 3652 1026 3707 victis
1044 3654 1096 3709 1¹.
1115 3654 1206 3711 victus

256 3727 289 3774 69
308 3723 417 3779 oblata
436 3725 535 3793 optata
552 3724 758 3794 Hirschfeldics
