2925 4192
269 368 310 431 16
617 368 647 423 Ρ.
665 367 790 421 PAPINI
807 366 924 421 STATII

262 511 381 577 Martia
403 512 554 579 fluminea
576 511 687 595 posuit
709 512 795 577 latus
817 511 878 577 llia
900 512 984 597 ripa3

417 582 421 601 l

263 623 330 666 non
352 600 428 694 taliq
448 600 559 666 niveos
582 600 681 665 tinxit
702 600 836 665 Lavinia
857 600 975 683 vultus,

263 712 337 753 cnm
359 689 467 792 Turpe
491 694 657 773 spectante
679 691 789 775 rubet3
811 711 877 754 non
900 688 1032 754 Claudia
1055 690 1130 755 talis
1220 708 1271 756 245

263 777 407 862 respexit
429 778 570 862 populos
592 782 681 843 mota
702 778 767 842 iam
789 778 881 864 virgo
904 778 1020 843 carina.

329 888 416 936 nuno
428 888 519 951 opus,
532 866 695 931 Aonidum
709 868 843 932 comites
856 866 1085 951 tripodumque
1099 866 1250 953 ministri,

264 955 400 1028 diversis
421 959 543 1021 certare
565 956 682 1020 modis:
706 960 759 1020 eet
782 956 898 1021 enthea
919 955 1011 1020 vittis

265 1049 363 1127 atque
385 1043 513 1109 hederis
534 1044 684 1109 redimita
706 1045 831 1128 cohors,
854 1049 891 1109 ut
913 1044 1016 1128 pollet
1038 1045 1148 1113 oranti

265 1132 401 1216 quisque
423 1132 502 1217 lyra.
539 1133 595 1197 sed
618 1133 798 1217 praecipui,
820 1132 876 1217 qui
898 1132 1009 1197 nobile
1031 1155 1144 1219 gressu
1219 1150 1271 1199 250

263 1225 410 1285 extremo
432 1221 588 1286 fraudatis
611 1243 703 1306 opus,
727 1222 799 1286 date
822 1221 963 1286 carmina
984 1222 1077 1286 festis

264 1310 361 1396 digna
383 1310 472 1375 toris.
508 1310 595 1375 hune
616 1310 688 1394 ipse
712 1310 777 1375 Coo
800 1310 973 1395 plaudente
994 1309 1138 1376 Philetas

264 1397 541 1482 Callimachusque
564 1420 662 1463 senex
683 1399 873 1483 Umbroque
895 1398 1084 1483 Propertius
1107 1404 1199 1465 antro

263 1486 443 1551 ambissent
463 1486 594 1551 laudere
616 1487 709 1571 diem,
731 1509 791 1552 nec
814 1487 916 1554 tristis
938 1487 973 1551 in
995 1487 1076 1572 ipsis

262 1574 351 1640 Naso
374 1575 484 1639 Tomis
507 1575 657 1659 divesque
680 1576 752 1640 foco
775 1576 902 1642 lucente
925 1576 1082 1641 Tibullus
1217 1593 1270 1641 255

329 1685 380 1727 me
403 1668 489 1728 certe
511 1685 577 1728 non
599 1686 683 1729 unus
705 1686 796 1728 amor
818 1664 1020 1749 simplexque
1044 1664 1177 1729 canendi

261 1773 358 1815 causa
380 1752 496 1819 trahit:
519 1756 626 1817 tecum
648 1752 770 1817 similes
793 1753 983 1837 iunctaeque
1008 1752 1172 1837 Camenae,

261 1839 372 1926 Stella,
394 1841 484 1927 mihi,
506 1842 708 1926 multumque
731 1864 825 1926 pares
849 1841 1042 1907 bacchamur
1065 1842 1106 1907 ad
1127 1863 1198 1905 aras

261 1934 295 1994 et
318 1929 438 1995 sociam
460 1930 562 1995 doctis
583 1930 749 1996 haurimus
772 1932 814 1996 ab
837 1932 987 1997 amnibus
1010 1931 1140 2015 undam,

261 2022 297 2083 at
320 2022 352 2082 te
375 2025 559 2084 nascentem
582 2020 704 2107 gremio
728 2042 799 2085 mea
821 2020 926 2104 prima
948 2020 1071 2104 recepit
1218 2036 1270 2084 neo
1328 2030 1339 2039 ’“

264 2106 478 2192 Parthenope,
501 2108 665 2193 dulcisque
688 2109 757 2173 solo
781 2113 817 2173 tu
840 2108 945 2194 gloria
965 2113 1078 2174 nostro

262 2196 408 2280 reptasti.
440 2196 580 2261 nitidum
602 2200 776 2283 consurgat
798 2195 839 2259 ad
861 2196 992 2261 aethera
1014 2197 1111 2261 tellus

262 2283 388 2348 Eubois
411 2288 444 2347 et
466 2283 602 2368 pulchra
624 2288 747 2349 tumeat
770 2283 928 2348 Sebethos
950 2284 1092 2370 alumna3

262 2392 322 2435 nec
345 2371 409 2435 sibi
432 2372 592 2455 sulpureis
613 2372 769 2437 Lucrinae
790 2371 911 2437 Naides
933 2372 1034 2437 antris

262 2481 322 2525 nec
344 2458 533 2543 Pompeiani
556 2460 704 2543 placeant
727 2460 831 2546 magis
854 2460 921 2525 otia
943 2460 1045 2527 Sarni.
1216 2479 1268 2527 265

327 2548 401 2613 heia
422 2570 491 2634 age,
513 2549 695 2632 praeclaros
716 2549 810 2613 Latio
833 2554 1004 2633 properate
1027 2554 1170 2635 nepotes,

261 2635 317 2721 qui
339 2637 441 2723 leges,
464 2637 521 2720 qui
543 2642 648 2702 castra
668 2637 793 2724 legant,
816 2638 873 2722 qui
895 2638 1036 2703 carmina
1057 2638 1177 2704 ludant.

259 2726 414 2791 acceleret
436 2729 532 2811 partu
553 2726 711 2791 decimum
735 2727 820 2791 bona
843 2726 982 2811 Cynthia
1004 2750 1154 2813 mensem,

260 2815 316 2879 sed
338 2820 450 2899 parcat
472 2815 593 2879 Lucina
616 2837 741 2901 precor,
765 2820 865 2900 tuque
887 2817 956 2901 ipse
979 2816 1106 2901 parenti

260 2925 365 2991 parce,
387 2925 477 2990 puer,
499 2926 540 2968 ne
558 2904 687 2970 mollem
706 2910 842 2991 uterum,
864 2928 905 2971 ne
924 2906 1043 2971 stantia
1061 2905 1169 2971 laedes
1214 2922 1266 2970 270
1386 2912 1387 2931 ¹

260 2996 403 3077 pectora,
426 3015 561 3077 cumque
584 2998 658 3060 tuos
679 2994 779 3060 tacito
803 2999 918 3060 natura
940 3016 1067 3060 recessu

259 3080 409 3144 formarit
431 3082 553 3167 vrrltus,
576 3084 715 3148 multum
738 3083 777 3148 de
800 3088 893 3167 patre
916 3084 1047 3166 decoris,

260 3168 333 3252 plus
356 3168 395 3232 de
417 3174 520 3234 matre
542 3171 633 3235 feras.
670 3176 704 3235 at
727 3175 777 3257 tu,
799 3172 1015 3255 pulcherrima
1037 3172 1140 3237 forma

259 3256 419 3342 Italidum,
442 3258 570 3322 tandem
592 3259 708 3324 merito
731 3282 880 3344 possessa
903 3261 1028 3345 marito,

329 3436 382 3485 244
400 3431 487 3486 tinxit
501 3432 635 3504 Guyetus:
655 3433 768 3488 strinxit
839 3441 891 3489 250
909 3434 1065 3505 praecipui:
1084 3434 1266 3505 praeeipues
1386 3412 1387 3439 l

330 3508 382 3557 252
401 3502 470 3557 choo
558 3504 682 3573 philytes
771 3511 823 3559 253
843 3508 935 3561 antro:
961 3524 1027 3560 arvo
1051 3506 1195 3563 Cluverius

258 3573 429 3628 acerrumis
477 3574 539 3629 foco
554 3576 579 3646 (f
589 3577 688 3631 iuras.
702 3592 736 3630 aa
749 3595 767 3631 v
780 3577 830 3645 11¹)
902 3582 953 3630 262
967 3576 1089 3630 nitidum
1103 3594 1133 3637 5:
1148 3576 1267 3631 urndum
1386 3562 1387 3597 l

258 3650 309 3699 267
328 3644 438 3716 legant:
460 3649 561 3717 regant
579 3647 737 3702 Politioaas
844 3652 894 3701 271
912 3649 1028 3701 nature:
1050 3647 1194 3701 nativam

258 3720 310 3769 272
329 3716 480 3773 Formarit:
499 3717 634 3773 formabit
651 3719 791 3773 Baehrens
862 3723 914 3771 273
933 3720 964 3773 at
983 3735 1012 3778 ςε
1032 3733 1065 3771 ae
