2925 4192
239 325 330 383 xvffl
639 322 845 378 PRAEFATIO

240 477 411 538 emendavit
432 468 513 558 (Κῦ).
554 475 615 534 iam
638 474 729 535 codex
751 467 930 536 Vaticanus
954 475 1040 535 3283
1064 465 1132 556 (e),
1162 493 1252 549 quem

245 566 386 626 librarius
405 564 452 624 die
470 565 610 625 vicesimo
628 565 738 623 mensis
756 563 919 624 decembris
939 565 1024 623 1463
1044 561 1152 638 finivit,
1173 563 1254 622 solas

241 655 339 716 Silvas
353 654 487 715 continet
503 653 555 715 fol.
566 653 617 712 84.
640 652 775 712 codicum
788 645 939 721 Uefflllc
953 651 1164 712 collationibus
1181 654 1253 710 utor

241 745 279 804 iis
294 762 367 820 qnos
381 743 630 802 Foerstemanuus
643 742 675 801 in
689 741 807 801 Imhofii
824 759 912 800 usum
930 742 1065 801 confecit.
1097 740 1142 799 De
1155 739 1252 798 Valli-

239 832 367 892 eelliauo
382 823 437 913 (e)
452 850 520 890 cum
532 831 665 890 Krohnio
680 831 867 890 accuratiora
879 830 915 890 Κ.
929 829 966 889 Κ.
980 830 1089 890 Muller
1105 829 1253 905 ienensis,

240 921 277 981 de
295 921 455 998 Reginensi
472 939 588 979 mecum
605 918 804 980 intercedente
823 919 950 979 Ernesto
968 918 1174 978 Lemmatasch
1191 918 1253 978 col·

239 1011 308 1089 lega
331 1008 476 1088 Georgius
498 1009 579 1068 Karo
603 1008 841 1069 communicarit
886 1008 961 1066 Mihi
991 1007 1138 1084 quaedam
1163 1006 1252 1066 bens·

240 1098 443 1160 solertissime
462 1098 598 1157 enotavit
614 1097 759 1156 Ricardus
778 1094 866 1173 Opitu
884 1097 999 1175 collega
1016 1096 1180 1173 Lipsiensis
1197 1114 1253 1155 nec

240 1207 301 1247 non
318 1187 483 1263 Drerupius
505 1205 589 1246 meus
611 1186 797 1245 Monacensis
819 1186 936 1261 aliquot
957 1185 1039 1246 locos
1061 1185 1253 1245 examinarit

308 1277 415 1336 horum
445 1276 539 1352 igitur
570 1275 704 1334 codicum
736 1276 872 1352 integras
903 1275 1079 1334 collationes
1109 1274 1184 1332 mihi
1218 1274 1252 1332 in

242 1368 384 1442 promptu
406 1369 484 1424 sunt.
529 1384 564 1422 ex
586 1363 782 1423 deterioribus
805 1363 949 1438 quosdam
969 1382 1063 1439 usque
1087 1363 1161 1422 adeo
1184 1381 1252 1440 cog·

241 1456 321 1530 novi,
343 1456 379 1513 ut
401 1453 472 1530 quid
495 1453 531 1511 de
554 1453 597 1512 eis
620 1452 660 1510 sit
681 1452 873 1512 iudicandum
894 1453 969 1510 mihi
991 1453 1113 1527 liqueat
1159 1454 1251 1528 atque

239 1543 286 1602 his
310 1542 403 1619 copiis
425 1542 571 1600 instructo
590 1541 651 1600 iam
674 1541 712 1600 ad
734 1541 931 1618 principalem
953 1541 1157 1617 quaestionem
1180 1540 1252 1600 licet
1377 1573 1378 1580 κ

241 1631 379 1691 accedere
407 1632 438 1689 et
459 1630 609 1706 inquirere
632 1649 692 1705 qua
713 1629 830 1689 ratione
852 1631 1031 1690 cohaereant
1053 1629 1123 1689 libri
1148 1648 1251 1688 manu-

244 1720 349 1797 scripti
372 1721 403 1778 et
424 1720 504 1778 inter
526 1737 557 1778 sa
580 1721 611 1778 et
632 1738 700 1778 cnm
721 1719 877 1797 Poggiano
901 1719 1083 1798 apographo.

276 1895 344 1973 §a
391 1895 499 1967 osen
523 1896 645 1956 sino
669 1897 795 1956 lucan
818 1895 986 1956 cosmus
1010 1895 1216 1956 smvlnon

437 2013 440 2023 ·
592 1985 860 2046 mnasonem.
870 1978 897 2069 1)

307 2128 342 2170 ac
363 2111 493 2187 primum
517 2109 637 2186 quidem
660 2111 716 2171 hoc
736 2111 828 2170 velim
845 2113 984 2169 teneatur
1002 2127 1170 2168 communes
1188 2127 1251 2168 esse

241 2199 377 2260 omnibus
406 2199 491 2258 libris
520 2199 642 2258 lacunas
673 2199 806 2258 omnium
835 2199 968 2257 virorum
997 2198 1151 2257 doctorum
1183 2216 1252 2256 con·

242 2305 330 2346 seusu
347 2287 489 2364 probatas
503 2287 587 2346 velut
599 2287 670 2362 112,
682 2289 754 2346 147.
782 2286 812 2344 V
822 2288 851 2365 3,
863 2288 940 2363 1293
959 2305 1146 2346 communem
1159 2287 1252 2345 etiam

241 2375 513 2452 transpositionem
526 2375 611 2435 illam
632 2395 772 2435 versuum
795 2394 885 2451 qnam
906 2375 939 2434 in
962 2375 1045 2434 exitu
1062 2375 1162 2434 Villae
1181 2373 1251 2433 Sur-

239 2465 374 2525 rentinae
388 2464 499 2523 factam
514 2482 577 2523 esse
591 2464 652 2523 iam
665 2464 815 2524 Antonius
828 2465 1033 2524 Amiterninus
1047 2467 1077 2523 et
1091 2466 1161 2541 post
1181 2483 1249 2522 eum

244 2551 410 2613 Gronovius
430 2553 582 2631 cognovit,
600 2572 770 2612 communes
793 2553 898 2612 deinde
921 2553 1104 2629 corruptelas
1121 2553 1252 2613 minores

239 2661 362 2702 numero
379 2640 461 2700 haud
478 2659 598 2718 paucas.
620 2645 776 2718 praeterea
794 2663 831 2701 ne
850 2643 906 2702 hoc
920 2641 1041 2719 quidem
1054 2642 1251 2702 videturesse

240 2731 457 2810 neglegendum
478 2731 510 2789 iu
533 2730 616 2790 nullo
634 2731 734 2790 codice
757 2750 860 2791 versus
882 2734 997 2790 exstare
1020 2731 1072 2807 qui
1094 2750 1154 2791 non
1176 2730 1250 2789 item

239 2821 378 2898 legantur
398 2820 431 2879 in
453 2820 630 2879 Matritensi.
661 2822 752 2896 atque
774 2820 892 2880 utiam
914 2819 1042 2878 indicem
1064 2838 1123 2895 quo
1144 2819 1251 2878 tendat

239 2911 342 2968 nostra
377 2909 605 2969 demonstratio:
639 2910 718 2968 hunc
753 2908 863 2968 librum
898 2909 1080 2985 archetypon
1117 2908 1250 2967 omnium

242 2997 340 3074 quinti
359 2997 466 3056 decimi
488 2998 600 3057 saeculi
623 2999 757 3058 codicum
778 2998 934 3075 ipsumque
957 2997 1150 3074 apographon
1171 2996 1251 3074 Pog-

240 3086 362 3164 gianum
386 3103 448 3144 esse
472 3087 643 3146 certissimis
667 3087 849 3166 argumentis
871 3086 989 3145 firmare
1011 3085 1090 3145 licet.

306 3177 397 3251 etque
420 3193 438 3232 a
459 3175 575 3251 reliqua
597 3176 687 3235 turha
708 3176 901 3237 secernendos
925 3193 987 3234 esse
1012 3175 1105 3235 libros
1123 3167 1250 3244 (iHIKQ

314 3326 340 3396 1)
359 3341 431 3394 quae
449 3325 556 3395 priores
575 3326 610 3381 de
624 3327 769 3382 codicibus
783 3327 921 3382 Silvarum
939 3327 1139 3394 disseruerunt,
1152 3341 1187 3379 aa
1201 3325 1250 3380 hic

239 3396 359 3450 transire
376 3413 504 3466 possum,
523 3401 669 3468 cumpost
687 3399 881 3454 Matritensam
902 3401 1045 3469 repertum
1061 3397 1147 3468 plane
1170 3396 1251 3450 aliud

239 3467 278 3522 sit
296 3467 403 3521 factum
426 3467 525 3522 iudicii
542 3469 763 3525 fundamentum.
791 3471 903 3526 honoris
921 3473 1017 3525 tamen
1035 3484 1119 3526 causa
1135 3468 1249 3522 nomino

239 3538 348 3594 Imhofii
363 3540 398 3594 de
412 3537 497 3594 Statii
511 3539 648 3594 Silvarum
663 3542 826 3597 condicione
840 3543 938 3598 critica
955 3541 1083 3596 libellum
1101 3538 1249 3595 scholasti·

239 3628 303 3666 cum
322 3615 389 3664 1859
414 3612 442 3664 et
461 3609 602 3666 Skutschii
621 3611 842 3681 disputationem
859 3614 890 3668 in
911 3612 1085 3668 Fleckeisoni
1103 3609 1250 3667 annalium

237 3681 291 3738 vol.
306 3681 427 3738 cxcvii
445 3682 536 3754 (1893)
552 3700 580 3752 p.
595 3688 647 3738 469
658 3701 698 3753 sq.
1024 3691 1028 3699 '
