2925 4192
647 350 853 405 PRAEFATIO
1202 351 1258 406 VII

239 504 421 563 correctores
444 501 611 564 accuratius
637 502 858 579 discernuntur,
881 503 961 580 quod
989 502 1120 563 officium
1147 501 1257 563 Soutor

240 612 301 653 uon
322 593 415 670 probe
439 593 576 669 expleuit

307 681 510 742 robustissima
533 680 683 741 Silvarum
700 680 845 740 memoria
861 680 947 740 libris
964 680 1176 759 manuscriptis
1194 700 1256 742 ser-

240 772 314 830 vata
346 803 388 814 -·-
418 771 489 830 licet
518 771 609 829 solius
639 770 760 848 eclogae
782 769 814 828 II
838 772 855 829 7
880 801 925 811 -
954 772 1053 829 exstat
1082 770 1114 829 in
1144 765 1255 833 dodico

241 853 461 922 Laurentiano
484 853 565 941 plut.
585 851 636 937 29,
655 851 695 920 32
714 853 765 938 (h)
789 861 923 934 exarato,
946 862 981 918 ut
1005 859 1165 919 Blnniinio
1189 861 1254 936 pla-

240 948 312 1025 cuit,
336 949 453 1008 saeculo
475 948 640 1024 undecimo,
662 948 773 1008 rectius
792 951 828 1007 ut
845 947 971 1023 videtur,
994 967 1061 1007 oum
1083 948 1255 1009 recentiori·

241 1038 297 1097 bus
310 1038 422 1098 decimo
441 1038 559 1098 saeculo
573 1037 722 1096 tribuitur.
768 1039 839 1114 post
859 1036 1101 1114 agrimensorum,
1115 1037 1255 1097 Frontini

239 1127 429 1204 potissimum
450 1127 577 1203 Ianique
599 1126 699 1203 Nipsi,
722 1126 834 1202 scripta
851 1126 1010 1202 nonnulla,
1033 1125 1139 1202 quibus
1158 1127 1256 1186 altera

239 1235 347 1276 manus
370 1217 536 1276 orationem
554 1215 732 1276 dominicam
752 1217 783 1274 et
801 1215 946 1291 quosdam
963 1215 1000 1274 dc
1018 1214 1131 1275 Lazaro
1149 1234 1254 1276 versus

239 1305 436 1382 interspersit,
452 1306 560 1364 tertius
582 1305 721 1364 librarius
743 1305 834 1380 paulo
857 1304 1004 1364 recentior
1025 1304 1146 1381 scripsit
1166 1306 1253 1365 haec:

311 1399 338 1454 1.
361 1395 412 1455 fol.
433 1395 592 1454 28¹-29⁸
613 1394 703 1453 med:
725 1393 895 1471 Epistolam
916 1393 1093 1470 Hieronymi
1117 1394 1156 1453 ad
1178 1395 1255 1453 Dar·

239 1483 353 1543 danum
375 1484 412 1542 dc
435 1483 592 1562 generibus
614 1483 801 1542 musicorum.

310 1575 338 1632 2.
361 1573 412 1632 fol.
434 1575 490 1633 29⁸
516 1572 591 1631 med.
614 1572 710 1632 tribus
732 1572 867 1632 versibus
893 1572 930 1630 de
958 1571 1100 1649 gradibus
1125 1571 1255 1650 dignita·

241 1664 309 1720 tum
331 1662 452 1721 brevem
473 1662 551 1721 hano
572 1661 726 1721 notitiam:
748 1662 888 1721 Deouana
910 1662 964 1721 aab
987 1663 1159 1720 cantatoria.
1199 1656 1255 1720 aab

240 1752 357 1810 tribuno
379 1754 507 1811 amberto
530 1752 664 1811 bibemos
685 1752 740 1811 sreb
762 1752 881 1810 vicario.
926 1751 981 1809 aab
1004 1751 1103 1810 comite
1125 1752 1255 1809 01000100

241 1857 334 1900 eomes
358 1832 362 1922 1
387 1840 441 1902 sab
464 1841 543 1899 dccc.
588 1841 661 1900 Duc
683 1841 737 1900 aab
759 1841 894 1913 patricio.
934 1840 1082 1912 patriciae
1108 1840 1162 1898 sab
1189 1856 1256 1913 repe

241 1921 311 2010 (aab
338 1947 370 1988 re
396 1929 429 1988 in
452 1920 523 2010 ras.)
547 1929 559 1986 1
581 1931 762 2003 inmantare.
807 1928 907 1987 censat
939 1927 968 1985 d*
993 1929 1153 2000 proconsul
1179 1945 1256 2001 pone

239 2037 334 2078 caum
355 2009 398 2100 ῘΙ
426 2018 526 2077 consui
555 2019 605 2092 qai
631 2019 710 2076 dona
737 2017 871 2076 00000101
894 2017 980 2090 repis.
1009 2016 1038 2073 rt
1060 2033 1149 2089 super
1171 2033 1255 2089 quem

239 2114 306 2167 aaa
328 2125 441 2167 mum
463 2108 554 2166 donat
575 2124 611 2166 ac
634 2108 717 2166 datto
740 2106 892 2179 sabmpiut

310 2198 338 2255 3.
361 2196 486 2256 60129·
508 2195 584 2254 med.
597 2227 642 2238 --
655 2195 707 2255 fol.
727 2196 784 2254 30⁸
801 2193 891 2252 med:
921 2187 1255 2270 cannabum&

240 2283 395 2344 LUCANI
416 2285 472 2344 AD
493 2283 653 2344 OPPIAM.
675 2285 726 2344 iol.
744 2285 800 2344 29⁸
815 2283 945 2361 margini
963 2282 1122 2359 adscripsit
1135 2283 1255 2342 saeculo

241 2377 326 2434 sexto
359 2374 473 2434 decimo
505 2373 609 2433 doctus
641 2373 765 2450 quidam
797 2404 835 2414 —
864 2372 991 2432 fortasse
1024 2370 1255 2447 christophoros

216 2455 449 2538 'Bartholinua
489 2463 573 2522 cuius
614 2463 765 2539 quondam
804 2461 897 2522 codex
932 2460 1025 2520 fuisse
1065 2460 1184 2520 videtur
1213 2492 1252 2502 -

241 2546 376 2628 ‘Statij'.

310 2643 476 2716 sequuntur
493 2640 638 2699 minutiae
658 2639 805 2716 quaedam
822 2638 885 2698 alia
901 2656 995 2696 manu
1012 2638 1162 2713 exaratae,
1180 2656 1256 2714 quaa

240 2730 292 2789 hio
310 2749 482 2789 enumerare
500 2748 554 2789 nec
573 2748 647 2806 opus
666 2730 712 2788 ast
729 2748 785 2788 nec
802 2729 909 2804 placet.
945 2727 1068 2802 Lucani,
1088 2745 1176 2801 quem
1194 2727 1254 2786 for·

241 2821 324 2878 tasse
343 2818 482 2878 carminis
497 2817 628 2877 Statiani
647 2819 800 2878 auctorem
818 2835 881 2876 esso
899 2816 1029 2893 putavit,
1042 2815 1161 2874 nomine
1175 2833 1255 2875 com-

240 2909 342 2967 motus
364 2908 484 2967 videtur
507 2925 570 2966 esse
592 2906 732 2965 librarius
759 2908 795 2965 ut
817 2904 1033 2964 Genethliaoon
1060 2904 1183 2963 seorsim
1206 2923 1255 2963 ex·

242 2996 386 3056 scriberet
418 3015 484 3056 cum
515 2995 584 3054 aliis
611 3013 688 3071 quae
716 2996 775 3070 ipsi
806 2995 917 3053 notitia
948 2993 1041 3071 digna
1067 2993 1133 3053 visa
1160 2995 1253 3053 crant.

241 3104 348 3146 versus
362 3088 433 3144 sunt
447 3085 588 3144 continuo
603 3085 715 3161 scripti,
731 3084 783 3142 sed
800 3083 919 3160 punctis
937 3082 1093 3142 lineolisve
1111 3083 1204 3142 fermo
1222 3083 1255 3140 in

240 3174 302 3233 fine
325 3175 509 3253 singulorum
532 3192 672 3234 versuum
695 3173 807 3232 additis
830 3171 973 3232 distincti
1010 3171 1182 3230 maiusculis
1204 3171 1255 3230 lit-

241 3265 317 3324 teris
339 3282 410 3324 usus
434 3265 479 3323 ast
501 3263 640 3322 librarius
663 3263 759 3320 initiis
781 3282 809 3322 v.
824 3263 876 3321 40.
899 3263 951 3321 47.
977 3261 1027 3319 65.
1052 3261 1102 3319 61.
1128 3263 1178 3321 62.
1204 3262 1254 3319 63.

243 3355 296 3412 64.
312 3353 363 3412 81.
379 3354 428 3412 83.
450 3353 499 3412 93.
520 3353 570 3413 98.
588 3353 749 3411 102111.
770 3352 842 3410 117.
863 3352 935 3410 121.
956 3351 1028 3409 126.
1049 3351 1122 3408 134.
1150 3350 1255 3426 itaque

242 3444 403 3521 exemplar,
431 3440 508 3500 unde
535 3441 592 3501 hoc
619 3459 735 3500 corma)
759 3441 888 3516 petitum
918 3442 973 3514 est,
994 3456 1097 3499 versus
1121 3438 1256 3516 singulos

241 3531 371 3609 singuiis
393 3531 480 3590 lineis
504 3529 670 3588 exhibuisse
693 3530 828 3606 apparet.
870 3530 986 3605 primus
1008 3527 1176 3587 Politianus
1198 3527 1256 3586 hoo

242 3620 344 3681 codice
367 3638 437 3680 usus
461 3620 507 3680 est
526 3622 556 3678 et
575 3639 610 3677 ex
629 3637 663 3678 eo
682 3619 832 3695 quaedam
850 3618 889 3677 ad
907 3617 1083 3692 exemplaris
1101 3616 1156 3690 sui7
1175 3615 1256 3691 quod

242 3729 323 3769 nuno
344 3707 376 3768 in
394 3708 575 3768 bibliotheca
594 3706 770 3767 Oorsiniana
792 3709 993 3782 conservatur,
1015 3705 1181 3782 marginem
1204 3703 1256 3762 ad·
